3788 6126
186 370 239 429 ‘isa
573 367 728 424 sanctus
748 367 952 434 DESlelilUS
971 368 1205 430 meldunensis
1224 373 1417 431 EPlSCOPUS.
1749 373 1804 432 22⁰

188 492 252 554 derii
267 490 404 546 mulierem
418 500 511 542 sanam
527 482 649 552 reliquit;
676 498 710 539 ex
723 498 776 554 quo
790 480 861 539 iacto
876 495 969 536 ornnes
984 481 1008 542 ll
1021 488 1078 537 tate
1101 498 1228 554 oppressa
1244 487 1322 541 beato
1344 483 1490 540 contessori
1511 481 1644 550 ederunt,
1669 499 1805 555 quamque

183 585 229 656 qui
253 583 380 644 aderant,
410 579 435 632 in
458 573 664 630 admirationem
687 573 826 638 conversi,
853 573 965 641 gratiana
1018 574 1141 628 manibus
1159 585 1224 631 aute
1237 575 1389 646 sepulcrum
1411 574 1581 644 projicientes
1600 573 1727 630 subnixas
1740 588 1805 644 pre-

184 674 282 731 Christi
296 679 324 725 et
338 662 600 723 ureritacoulessuris
619 662 750 719 Desiderii
771 661 966 731 glorillcabant.
1019 677 1065 718 ces
1088 679 1150 719 cunr
1174 664 1357 721 satisfactione
1383 665 1527 735 piaminum
1545 664 1696 735 importune
1722 673 1806 735 atque

185 763 286 829 lleirrde
298 771 361 828 erge
375 770 490 825 corpore
503 754 592 810 levato
606 752 737 808 certatim
758 751 890 822 progressi
901 750 968 805 llin-
1019 759 1169 819 opportune
1195 753 1329 820 ingerunt.
1354 752 1501 808 Etlactum
1526 768 1587 808 cum
1610 752 1656 807 diu
1679 753 1805 823 precibus

184 852 300 918 cingnum
327 853 408 914 atquc
433 844 560 912 Ariagum
565 879 619 897 .....
640 840 832 910 Curnquepost
861 840 968 895 taudem
1020 839 1186 908 insisterent,
1201 843 1368 911 multumque
1382 841 1728 913 gemitibussatislacereut,
1744 855 1808 897 ere·

184 954 281 1008 corpus
296 938 442 1007 pretiosum
456 933 585 988 Gadrrrcre
606 932 778 1002 proximaret,
793 927 968 984 coaceruatim
1019 939 1062 985 cta
1075 932 1169 987 mulier
1178 934 1318 987 sanitatem
1337 934 1447 1004 recepit,
1461 943 1541 1003 atque
1563 934 1601 988 ita
1629 934 1663 989 ad
1691 933 1803 990 domum

185 1029 350 1100 populositas
375 1041 422 1096 per
441 1025 561 1080 diversos
583 1035 693 1093 aggeres
716 1021 822 1077 ebriam
851 1020 969 1074 extincto
1021 1020 1156 1089 propriam
1181 1036 1240 1074 ιιιιιι
1263 1035 1357 1090 magua
1374 1021 1429 1090 iam
1454 1021 1608 1088 hilaritate,
1633 1023 1805 1092 maximaque

185 1117 254 1187 patri
267 1115 408 1186 processit.
423 1112 516 1168 Nullus
539 1110 770 1167 monachusdorui
792 1109 901 1174 resedit,
924 1109 969 1178 qui
1020 1128 1129 1168 suorum
1139 1115 1369 1182 congratulatione
1379 1113 1468 1170 rediit.
1487 1114 1584 1186 Sicque
1598 1114 1698 1170 iactum
1721 1123 1806 1170 estut

184 1223 239 1263 non
262 1203 368 1261 obuiam
396 1201 498 1272 pastori
519 1199 694 1271 procederet,
723 1198 849 1268 lugebant
880 1205 970 1252 aulem
1020 1218 1080 1272 quse
1093 1203 1229 1260 laborioso
1240 1205 1362 1260 uehiculo
1373 1205 1459 1263 luerat
1474 1205 1599 1273 adducta,
1610 1205 1694 1261 libero
1711 1219 1806 1274 gressu

184 1312 291 1365 omnes,
306 1294 418 1351 conluso
431 1294 549 1350 clamore
562 1291 731 1361 clangebant,
746 1298 774 1345 et
792 1290 862 1346 inter
884 1289 970 1363 direrf
1022 1304 1165 1351 remearet.
1185 1297 1318 1362 Gloriam,
1333 1297 1509 1364 cherstede}
1521 1308 1566 1353 uns
1577 1307 1640 1353 sunt
1651 1311 1745 1367 opera,
1760 1306 1806 1351 rua

186 1402 231 1442 sos
242 1387 355 1456 gemitus
380 1383 438 1438 lraec
455 1388 542 1437 solum
570 1380 649 1435 uerba
676 1379 853 1444 resonabant,
880 1377 970 1443 libera,
1021 1387 1120 1456 ubique
1133 1386 1235 1456 lulgeut
1248 1388 1394 1455 nragnnlia3
1420 1387 1605 1458 etenimquod
1624 1387 1696 1444 sord
1709 1385 1749 1442 ιιιι
1765 1384 1807 1441 ia-

186 1475 312 1536 Desideri‚
324 1474 388 1528 bnt!
403 1471 554 1528 clamabant
565 1469 652 1525 cuncti
664 1485 671 1522 :
684 1468 778 1525 Pastor
791 1485 857 1535 sere,
869 1485 914 1523 cus
924 1485 972 1523 nos
1021 1479 1105 1546 ciunt,-
1120 1478 1171 1535 tuis
1185 1479 1320 1536 berreliciis
1330 1491 1541 1550 consequuntur.

185 1562 312 1617 dimittis?
339 1561 389 1622 Cui·
409 1577 510 1632 gregem
531 1567 600 1613 tunna
631 1559 795 1613 repentendos
816 1559 972 1628 fouendum?
1302 1587 1455 1642 mmmmm
1474 1588 1505 1643 ῃ,

185 1651 278 1708 Clarus
293 1650 418 1706 nimirum
443 1651 712 1722 plangebatpatrem,
728 1648 810 1704 abbas
823 1652 969 1719 pastorem,
1057 1673 1215 1746 Postaliqua
1232 1680 1358 1748 ,emporis
1373 1680 1515 1746 cumcuin,

187 1741 288 1811 parsuli
303 1739 472 1842 nutritorem,
489 1753 567 1793 serres
583 1747 710 1804 tutorem,
724 1737 813 1840 uiduae
834 1746 970 1808 protecto·
1021 1767 1119 1835 mio
1133 1767 1259 1824 Ecclesia)
1273 1769 1475 1838 mamanensi,
1503 1771 1575 1841 quod
1598 1771 1704 1841 „fiam
1725 1771 1807 1828 fluvio

189 1845 257 1897 rem,
273 1829 366 1931 puprllr
380 1828 558 1931 defensorem,
575 1836 602 1883 et
612 1836 642 1882 ut
664 1825 784 1930 breviter
796 1812 1006 1928 complectendi
1023 1857 1173 1918 Domum·
1191 1873 1261 1914 ma
1274 1858 1387 1926 effecta,
1413 1861 1555 1932 plurimum
1581 1864 1710 1935 ,emm
1734 1864 1808 1918 'abo-

186 1929 244 1977 tota
258 1937 319 1978 eum
342 1926 445 1986 crustas,
458 1926 514 1974 tota
527 1917 605 1972 srmul
619 1917 723 1988 plauxrt
736 1915 866 1972 Ecclesia.
1023 1949 1094 2004 „5050
1109 1950 1185 2005 valde
1205 1950 1330 2007 ducebat·
1354 1951 1417 2008 Hm
1430 1953 1594 2025 quandoque
1618 1954 1665 2010 Dei
1693 1956 1807 2010 mim·

392 2047 562 2105 ιΝοΙΡιιιιιτ
580 2045 766 2105 lllltdculA.
1026 2040 1100 2096 tione
1114 2041 1249 2098 admonita
1275 2043 1301 2098 in
1316 2044 1427 2110 risione,
1439 2045 1489 2099 sibi
1499 2044 1605 2100 dicebat
1628 2045 1750 2114 iussum,
1777 2053 1808 2099 ut

221 2161 369 2219 Perductus
382 2161 473 2226 itaque
483 2160 516 2214 ad
529 2175 606 2216 suum
619 2158 821 2226 monasterium,
836 2170 867 2212 ae
884 2156 974 2225 sepul·
1022 2130 1174 2237 ⁸⁴³P¹¹¹⁰fum
1184 2133 1254 2190 Μ’
1270 2133 1400 2192 widem
1415 2133 1538 2194 medendi
1554 2136 1636 2208 mm
1649 2143 1804 2209 ⁸¹P⁰⁸⁰¹⁹t³

187 2262 231 2310 m
245 2260 287 2308 ω
300 2252 327 2311 in
339 2251 462 2312 eoem*
476 2264 556 2320 quam
571 2250 647 2318 ipse,
676 2255 706 2302 υς
732 2261 813 2317 supra
838 2246 971 2308 diximus,
1023 2222 1102 2324 dueta
1117 2234 1206 2295 utaque
1220 2226 1304 2285 estad
1314 2232 1419 2293 urbem,
1434 2238 1515 2300 atque
1528 2231 1562 2286 ad
1572 2230 1710 2287 basilicam
1721 2233 1808 2286 sancti

187 2343 285 2411 insigni
311 2342 417 2413 opificio
431 2355 465 2396 ex
492 2349 606 2409 umque
630 2350 706 2411 pane
727 2354 809 2410 supe,
811 2376 867 2392 .....
895 2339 974 2393 ,emis
1022 2326 1103 2367 surra
1122 2312 1229 2369 duobus
1242 2313 1302 2370 liliis
1312 2316 1368 2371 suis
1380 2316 1542 2385 oblata,ubi
1556 2333 1639 2388 paruo
1653 2319 1741 2389 spatio
1760 2333 1809 2374 ex-

189 2434 297 2503 quadris
324 2446 355 2486 ac
357 2469 412 2487 .....
436 2429 628 2494 (edificaverat,
654 2429 698 2483 ubi
728 2429 868 2497 diligenter
892 2428 973 2484 humo
1022 2402 1133 2470 cubans,
1148 2404 1302 2462 consessore
1321 2407 1526 2481 intercedente,
1551 2417 1580 2465 et
1600 2417 1699 2465 aeterna
1710 2409 1808 2464 enuisti

188 2531 274 2579 tectus
284 2532 384 2577 aeterna
398 2522 424 2576 iu
437 2520 529 2590 requie
553 2518 667 2588 quiescit
680 2527 823 2589 soporatus
838 2558 846 2584 ,
875 2517 974 2586 ubique
1023 2495 1123 2562 Ρὶθῑῧῑθ
1134 2495 1272 2565 Ιιιιῑθιῑθ,
1289 2498 1390 2554 lumine
1410 2509 1519 2570 recedito
1533 2501 1567 2556 ad
1579 2501 1687 2572 proprie
1698 2515 1809 2557 remea·

1529 1681 1625 1737 molier
1635 1680 1757 1751 quaedam
1771 1696 1806 1738 ex

187 2611 301 2666 uallatus
313 2610 415 2677 turuba,
431 2617 600 2665 surrecturus
611 2608 685 2678 jacet
699 2607 840 2677 ingloria:
855 2607 901 2663 sed
913 2608 974 2677 qui·

98 2775 105 2792 ,
188 2702 310 2774 buspost
322 2710 435 2756 mortem
449 2699 640 2755 miraculorum
661 2698 790 2755 ellulserit
810 2699 911 2768 signis,
933 2698 974 2754 di·

189 2807 271 2862 gnum
281 2798 323 2847 est
336 2805 379 2847 me
390 2802 614 2854 commemorare.
628 2802 689 2845 cunr
700 2803 747 2846 ros
757 2787 914 2845 desideratis
924 2801 973 2843 au·

189 2883 256 2938 dire.
329 2917 332 2922 ‹

424 2998 431 3013 ,
482 2945 638 3005 lliraculunr
653 2950 676 3007 l.

225 3042 345 3099 Clericus
359 3040 467 3111 quidam
481 3042 590 3097 nourrius
607 3040 814 3109 llrerldolenus,
843 3042 907 3098 ιιιιιιι
932 3041 973 3098 ιιι

1023 2585 1070 2650 ιιι,
1082 2585 1180 2654 sicque
1195 2590 1291 2643 lactum
1305 2595 1357 2656 est,
1372 2598 1402 2645 ut
1411 2605 1470 2659 quse
1483 2591 1571 2648 alieno
1582 2591 1681 2648 ducatu
1693 2607 1753 2648 curu
1767 2594 1809 2647 la-

1025 2674 1091 2732 bore
1104 2688 1215 2735 venerat
1226 2682 1406 2751 impingendo,
1418 2684 1528 2754 proprio
1549 2683 1604 2753 jam
1619 2684 1808 2749 artritrlo,risu

1024 2775 1133 2836 recepto
1146 2769 1264 2836 gaudens
1287 2772 1386 2827 rediret
1398 2772 1432 2826 ad
1451 2777 1559 2828 domum
1574 2790 1581 2826 ι
1596 2772 1726 2842 siquidem
1740 2787 1810 2828 cun·

1024 2859 1075 2914 etis
1081 2860 1248 2927 stupentibus
1258 2862 1369 2930 preibat
1382 2863 1519 2919 exsultans
1533 2862 1604 2919 siam
1614 2853 1727 2934 carpens
1741 2902 1750 2932 ,
1778 2868 1810 2920 ιι

1025 2948 1074 3004 riae
1083 2946 1178 3005 ducem
1193 2948 1303 3004 ulterius
1315 2965 1369 3006 oon
1383 2952 1531 3021 requirens.
1624 3017 1627 3024 ‚

1309 3040 1464 3096 bisacutam
1483 3040 1525 3097 ΙΙΙ.

188 3132 284 3188 beatus
297 3140 368 3189 esset
378 3141 514 3203 superstes
529 3169 538 3196 ,
562 3131 717 3201 frequenter
736 3131 770 3186 ab
783 3146 817 3188 eo
830 3148 878 3202 pro
903 3134 970 3190 assi·
987 3159 1010 3222 c
1061 3130 1133 3186 lnter
1145 3129 1203 3184 lraec
1211 3129 1331 3185 miranda
1343 3145 1386 3185 res
1400 3145 1429 3186 se
1442 3131 1579 3186 memorie
1597 3131 1708 3201 objicit,
1726 3145 1808 3200 quara

190 3225 251 3278 duis
261 3222 415 3279 excessibus
428 3220 600 3289 arguebatur,
611 3237 725 3292 cumque
738 3222 783 3279 ille
799 3222 931 3291 obiisset,
946 3231 974 3280 et
1025 3218 1115 3275 diuino
1132 3218 1208 3288 iussu
1222 3205 1308 3275 actam
1328 3235 1403 3285 reor,-
1416 3227 1445 3274 ut
1456 3234 1504 3290 per
1517 3219 1587 3276 banc
1606 3220 1733 3276 [lominus
1753 3222 1809 3276 cla·

190 3314 232 3383 (ut
242 3312 343 3368 dictum
366 3312 420 3381 est)
433 3310 489 3380 iam
517 3310 642 3367 humatus
667 3320 805 3380 exstaret,
831 3316 974 3384 prodictus
1025 3308 1080 3365 rius
1095 3307 1251 3364 ostenderet
1275 3309 1370 3363 merita
1384 3309 1425 3365 sui
1439 3309 1576 3375 antistitis,
1597 3324 1677 3378 qnam
1692 3311 1809 3382 pretiosa

123 3425 128 3439 ·
190 3400 380 3457 Theudolenus
404 3401 540 3457 exsultans
558 3417 638 3471 super
661 3402 719 3471 eius
745 3412 903 3459 mortccrrm
926 3419 974 3460 ca·
1024 3399 1094 3470 apud
1111 3414 1171 3454 eum
1181 3406 1345 3466 constarent,
1357 3399 1433 3470 cujus
1446 3401 1481 3455 ob
1492 3398 1622 3455 honorem
1636 3398 1745 3455 claritas
1758 3399 1810 3454 uri·

191 3494 290 3549 ebione
300 3492 513 3561 exprobrationis
527 3491 597 3548 elata
624 3493 749 3549 rerbaac
762 3495 884 3551 conuicia
909 3510 974 3566 pro·
1024 3489 1107 3546 ractdi
1134 3488 1306 3556 emicuisset,
1338 3488 1495 3554 cunctisque
1521 3488 1629 3544 occasio
1652 3487 1810 3557 expeteres

191 3590 266 3638 terra
276 3590 304 3645 et
317 3581 446 3649 injuriosa
469 3596 524 3636 ιιιιι
547 3583 637 3637 timuit
648 3582 760 3652 jaculari
773 3602 778 3636 :
793 3597 854 3654 quae
881 3593 974 3641 contra
1024 3578 1133 3634 medela
1144 3579 1268 3639 oriretur.
1283 3579 1345 3633 dum
1356 3579 1445 3634 diuina
1460 3588 1548 3635 actam
1559 3579 1660 3649 pietate
1675 3594 1733 3635 rem
1746 3579 1809 3634 uul-

191 3682 292 3728 staturn
307 3687 384 3726 suurn
394 3671 498 3727 locutus
515 3680 542 3726 et
553 3672 640 3727 diviua
643 3710 768 3729 .....
784 3674 806 3728 ιι
807 3709 929 3729 .....
944 3689 975 3730 ιι
1024 3667 1066 3722 lus
1079 3668 1237 3737 ambigeret.
1252 3667 1344 3738 ltaque
1363 3667 1426 3723 dum
1446 3669 1555 3724 baculus
1569 3670 1640 3725 beati
1654 3669 1713 3736 riri,
1726 3669 1772 3739 qui
1791 3682 1810 3724 ι

147 3763 153 3784 ’
193 3759 375 3831 indignatione
387 3761 422 3816 ob
438 3759 564 3830 iujuriam
578 3762 685 3830 sancti,
712 3764 796 3819 sensit
805 3764 912 3820 demum
928 3765 973 3835 jd.
1024 3755 1107 3812 Gallis
1124 3758 1262 3813 cambucia
1287 3767 1417 3824 vocatur,
1445 3758 1480 3813 ad
1500 3767 1580 3829 caput
1593 3759 1709 3830 sepulcri
1736 3759 1811 3817 illius

192 3848 302 3912 dicium.
315 3849 382 3904 llam
397 3864 430 3905 ex
451 3864 484 3905 eo
497 3857 618 3920 tempore
631 3853 898 3911 mirandadebilitate
920 3871 975 3926 op-
1025 3848 1118 3904 sedule
1127 3849 1301 3918 dependeret,
1325 3850 1440 3917 quadam
1461 3850 1548 3905 subita
1562 3849 1692 3905 inlusione
1716 3848 1811 3908 made·

191 3953 310 4010 pressus,
320 3953 414 3996 omnes
424 3940 480 3995 dies
493 3941 553 3996 sitae
576 3955 631 4004 suar
643 3957 703 3998 cunr
722 3942 855 4000 dedecore
881 3945 972 4014 duait,
1024 3939 1261 4006 laetus,ubcrrime
1268 3946 1356 4007 guttas
1369 3953 1445 4008 aquae
1459 3953 1568 3994 manare
1580 3940 1660 4009 coepit
1672 3955 1680 4005 ;
1691 3937 1811 4009 adquotl

191 4033 228 4087 ita
244 4041 309 4089 utet
322 4031 440 4088 osticium
454 4047 549 4088 uranus
563 4032 662 4089 dextrae
675 4035 828 4100 amitteret,
848 4044 876 4092 οι
897 4052 973 4107 ape.
1024 4028 1181 4083 miraculum
1187 4028 1262 4083 ruulti
1270 4029 1404 4097 aggregati
1413 4027 1512 4096 ingenti
1520 4037 1629 4097 stupore
1639 4028 1810 4097 teuelsautur,

192 4121 233 4176 dis
246 4135 340 4191 gressu
353 4121 536 4190 impediretur,
550 4130 579 4179 et
603 4123 699 4193 liuguae
712 4140 764 4181 usu
783 4125 973 4183 denudaretur,
1024 4118 1146 4171 admirati
1161 4117 1287 4186 quidnam
1301 4126 1391 4171 autem
1407 4114 1509 4170 altioris
1532 4115 1648 4181 consilii,
1663 4116 1735 4184 qnod
1748 4131 1809 4171 ure·

193 4209 330 4282 Siquidem
345 4221 431 4268 tortus
455 4213 591 4278 incedens,
605 4228 638 4268 ao
657 4216 794 4286 turgidus,
815 4218 974 4288 praeparem
1024 4205 1101 4274 deudi
1112 4205 1281 4274 gratia,illud
1291 4206 1343 4260 lroc
1356 4204 1503 4276 (siclluerit
1513 4205 1809 4275 cadisinaprastantia

194 4311 319 4358 tortuosae
330 4304 425 4359 munds
439 4305 562 4374 exempto
576 4305 720 4362 ,repurgaris
733 4310 909 4375 monstram
925 4323 974 4365 Μ
1024 4292 1115 4349 datum
1128 4295 1308 4350 denunciant:
1323 4296 1396 4363 quod
1411 4293 1517 4350 demum
1534 4294 1634 4352 lactum
1659 4304 1717 4364 est;
1744 4314 1810 4354 narn

193 4408 288 4463 passus
301 4401 343 4448 est
355 4395 485 4451 Dominus
498 4406 683 4472 contumacem
697 4399 739 4453 sui
753 4399 858 4466 sancti,
890 4400 972 4455 celeri
1025 4385 1128 4453 ‘llmnes
1142 4385 1203 4451 aegri
1230 4384 1389 4450 adveniunt,
1404 4385 1528 4439 baculum
1553 4385 1639 4454 li)sum
1655 4401 1725 4457 aqua
1747 4402 1809 4457 92¹¹*

194 4481 303 4535 interitu
322 4483 509 4550 compendium
534 4489 628 4542 morsis
649 4485 728 4553 liniri,
744 4488 791 4547 sed
808 4489 910 4544 diusmo
924 4488 973 4545 fla.
988 4493 1011 4555 (3
1027 4476 1112 4531 lusum
1128 4491 1158 4530 ac
1172 4479 1286 4530 tenuitur
1301 4476 1418 4531 lavatum
1430 4477 1692 4533 incommoditatibus
1706 4478 1808 4546 datur,

194 4568 275 4635 gello,
290 4569 324 4625 ad
335 4576 466 4626 terrorem
477 4571 621 4629 multorum
630 4576 755 4632 rebellem
759 4615 884 4634 ,,,,,
898 4594 973 4634 coes.
1026 4575 1054 4621 ct
1064 4566 1216 4635 rrrultls'per
1230 4566 1282 4621 boc
1297 4566 1420 4620 sanitatis
1433 4566 1501 4621 bona
1517 4567 1679 4623 tribuuntur.
1692 4567 1811 4636 Adjicia·

192 4657 258 4712 ceri.
1025 4666 1068 4713 tur
1079 4659 1159 4714 ctiam
1176 4660 1241 4715 illud
1256 4659 1329 4724 quod
1341 4669 1416 4714 actus
1427 4659 1519 4715 retulit
1532 4657 1688 4713 miraculum
1702 4666 1790 4714 ιιιιιι.

227 4747 353 4815 eroedam
366 4764 473 4820 quoque
483 4752 578 4808 mulier
591 4769 624 4810 ex
651 4766 726 4826 parte
751 4758 909 4818 Causuncha
924 4762 974 4818 Se-
1305 4770 1459 4824 difuculum
1477 4769 1519 4827 lii,

191 4851 355 4905 nomagensc
368 4839 476 4932 ueniens
490 4841 611 4898 similiter
637 4859 719 4915 super
733 4850 790 4916 eius
809 4863 895 4910 morte
917 4858 972 4913 uisa
1059 4858 1181 4926 Quodam
1208 4860 1297 4929 itaque
1313 4868 1434 4929 tempore
1457 4860 1568 4915 aredius
1589 4859 1717 4915 liutlreuae
1736 4859 1812 4917 urbis

192 4935 232 4984 est
246 4927 413 5031 exsultasse,
426 4930 500 5031 quod
523 4939 551 4986 et
564 4933 620 5004 ipsa
640 4935 719 4991 simili
742 4940 824 4999 modo
845 4949 973 5018 castigata
989 4962 992 4967 ·
1024 4949 1164 5019 episcopus
1178 4948 1320 5004 fortissima
1334 4951 1491 5019 aegritudine
1502 4959 1661 5021 correptus,
1688 4949 1811 5020 graviter

193 5035 247 5120 ¹l0¹¹
277 5019 356 5075 ⁸¹¹¹¹¹¹¹
390 5031 463 5076 ⁰¹¹¹¹¹
489 5038 615 5094 perpessa
640 5036 703 5084 esta
729 5045 790 5086 uam
822 5037 910 5094 divina
932 5042 974 5096 ul·
1024 5040 1163 5094 laborabat
1189 5054 1237 5109 per
1256 5040 1314 5094 dies
1342 5041 1480 5110 plurimos.
1507 5039 1627 5111 Cumque
1648 5040 1810 5097 multimoda

193 5122 265 5167 noue
266 5147 392 5166 .....
407 5126 549 5168 neruorum
576 5117 663 5172 subita
689 5124 875 5182 contractione
897 5129 973 5184 dam·
1025 5131 1189 5186 medicorum
1203 5139 1359 5200 argumenta
1373 5130 1398 5186 ei
1412 5133 1504 5188 sedule
1515 5131 1726 5202 impertirentur,
1742 5130 1811 5187 nilril

191 5207 253 5254 nata
267 5207 317 5300 est,
328 5199 397 5257 adeo
418 5209 447 5257 ut
458 5201 528 5258 sicut
539 5205 635 5261 ericius
656 5210 813 5280 complicata
826 5214 853 5269 in
863 5218 973 5274 modum
1024 5226 1276 5296 prorsusprolicere
1290 5230 1424 5294 poterant,
1435 5233 1617 5279 sanctorume
1639 5222 1747 5278 diuerso
1760 5221 1812 5276 arl-

193 5286 320 5388 glomerrs
347 5291 528 5361 volutaretur,
561 5296 715 5368 nullamque
736 5303 845 5372 spiritus
870 5309 912 5364 sul
933 5326 975 5387 re-
1024 5315 1149 5370 mirricula
1160 5314 1365 5383 querebantur:
1381 5313 1428 5368 sed
1449 5329 1499 5368 nec
1513 5313 1553 5368 sic
1566 5326 1726 5384 recuperare
1736 5311 1812 5369 rale-

191 5391 291 5446 iidem,
307 5392 394 5450 bellue
411 5382 549 5452 belidem.
564 5400 614 5441 nee
626 5402 675 5456 per
689 5399 794 5446 noctem
808 5408 973 5466 capesceret,
1025 5403 1097 5456 lrat:
1121 5403 1247 5458 nolebant
1274 5402 1344 5458 enim
1372 5402 1458 5456 sancti
1482 5399 1612 5474 llartyrcs
1638 5401 1663 5456 ei
1685 5401 1811 5456 sanitatis

191 5467 314 5568 donec..
394 5471 537 5572 ..ejusdem
552 5482 703 5536 consultum
725 5490 851 5540 votorum
873 5504 972 5560 sponso
1024 5490 1164 5547 commoda
1175 5499 1313 5560 prestare,
1327 5497 1357 5545 ut
1366 5499 1465 5562 quanta
1481 5488 1810 5547 essetinllesidcriorir-
1883 5496 1886 5501 '

191 5569 251 5610 curu
262 5558 550 5663 ptraculrsatrslactione
559 5567 698 5626 mederet:
715 5571 759 5628 die
772 5574 852 5643 igitur
865 5581 973 5638 annuali
1025 5594 1066 5640 tus
1078 5583 1202 5638 facillime
1215 5584 1392 5640 declararent.
1417 5584 1531 5641 siradius
1543 5597 1608 5655 ergo
1619 5583 1735 5641 amictus
1747 5599 1810 5640 cunr

192 5647 368 5750 dellllsrtroms
392 5667 451 5721 erus
477 5657 655 5729 aduentante,
679 5673 805 5734 parentes
829 5679 974 5730 contracte
1024 5674 1125 5730 nullum
1134 5674 1284 5746 perfugium
1297 5675 1324 5730 io
1338 5682 1396 5732 tota
1406 5675 1472 5732 urbe
1482 5690 1550 5743 sua,
1578 5690 1630 5732 uec
1652 5690 1702 5746 per
1722 5674 1810 5729 medi-

192 5735 297 5795 lsmurae
307 5746 431 5799 sotorum
444 5759 556 5808 munera
568 5751 647 5810 simul
669 5769 731 5813 euur
748 5756 847 5816 lomina
873 5763 969 5820 debili·
1023 5778 1115 5822 eorum
1128 5764 1303 5833 industriam,
1333 5778 1383 5823 nec
1399 5778 1451 5836 per
1471 5772 1625 5823 sanctornm
1648 5763 1810 5821 adminicula
