<?xml version="1.0" encoding="UTF-8"?>
<!DOCTYPE html PUBLIC "-//W3C//DTD XHTML 1.0 Transitional//EN"
    "http://www.w3.org/TR/xhtml1/DTD/xhtml1-transitional.dtd">
<html xmlns="http://www.w3.org/1999/xhtml" xml:lang="en" lang="en">
 <head>
  <title>
</title>
<meta http-equiv="Content-Type" content="text/html;charset=utf-8" />
  <meta name='ocr-system' content='tesseract 3.04.00' />
  <meta name='ocr-capabilities' content='ocr_page ocr_carea ocr_par ocr_line ocrx_word'/>
</head>
<body>
  <div class='ocr_page' id='page_1' title='image "./patrologiaecurs23unkngoog/patrologiaecurs23unkngoog_0176.png"; bbox 0 0 3788 6126; ppageno 0'>
   <div class='ocr_carea' id='block_1_1' title="bbox 93 253 1717 344">
    <p class='ocr_par' dir='ltr' id='par_1_1' title="bbox 93 253 1717 344">
     <span class='ocr_line' id='line_1_1' title="bbox 93 253 1717 344; baseline 0.002 -15"><span class='ocrx_word' id='word_1_1' title='bbox 93 276 146 333; x_wconf 68' lang='lat' dir='ltr'><strong>sm</strong></span> <span class='ocrx_word' id='word_1_2' title='bbox 188 253 195 259; x_wconf 83' lang='grc'><strong>’</strong></span> <span class='ocrx_word' id='word_1_3' title='bbox 840 274 929 330; x_wconf 85' lang='lat' dir='ltr'><strong>ttrt.</strong></span> <span class='ocrx_word' id='word_1_4' title='bbox 1664 286 1717 344; x_wconf 73' lang='lat' dir='ltr'><strong>ooo</strong></span> 
     </span>
    </p>
   </div>
   <div class='ocr_carea' id='block_1_2' title="bbox 95 382 1784 2360">
    <p class='ocr_par' dir='ltr' id='par_1_2' title="bbox 131 382 1714 464">
     <span class='ocr_line' id='line_1_2' title="bbox 131 382 1714 464; baseline 0.008 -23"><span class='ocrx_word' id='word_1_5' title='bbox 131 385 174 441; x_wconf 77' lang='lat' dir='ltr'><strong>to.</strong></span> <span class='ocrx_word' id='word_1_6' title='bbox 193 384 320 440; x_wconf 63' lang='lat' dir='ltr'><strong>lirtatutn</strong></span> <span class='ocrx_word' id='word_1_7' title='bbox 332 385 412 455; x_wconf 83' lang='lat' dir='ltr'><strong>ipsius</strong></span> <span class='ocrx_word' id='word_1_8' title='bbox 424 384 548 456; x_wconf 82' lang='lat' dir='ltr'><strong>epticqttr.</strong></span> <span class='ocrx_word' id='word_1_9' title='bbox 564 382 684 453; x_wconf 72' lang='lat' dir='ltr'><strong>Corporis</strong></span> <span class='ocrx_word' id='word_1_10' title='bbox 698 385 795 456; x_wconf 74' lang='lat' dir='ltr'><strong>[cunc.</strong></span> <span class='ocrx_word' id='word_1_11' title='bbox 815 382 878 437; x_wconf 81' lang='lat' dir='ltr'><strong>Erat</strong></span> <span class='ocrx_word' id='word_1_12' title='bbox 894 389 918 447; x_wconf 76' lang='grc' dir='ltr'>Α</span> <span class='ocrx_word' id='word_1_13' title='bbox 932 385 1073 444; x_wconf 84' lang='lat' dir='ltr'><strong>virtutibus</strong></span> <span class='ocrx_word' id='word_1_14' title='bbox 1088 389 1113 443; x_wconf 93' lang='lat' dir='ltr'><strong>in</strong></span> <span class='ocrx_word' id='word_1_15' title='bbox 1126 390 1261 456; x_wconf 83' lang='lat' dir='ltr'><strong>speculum</strong></span> <span class='ocrx_word' id='word_1_16' title='bbox 1285 393 1366 449; x_wconf 90' lang='lat' dir='ltr'><strong>tutius</strong></span> <span class='ocrx_word' id='word_1_17' title='bbox 1387 394 1538 452; x_wconf 87' lang='lat' dir='ltr'><strong>sanctitatis</strong></span> <span class='ocrx_word' id='word_1_18' title='bbox 1559 397 1714 464; x_wconf 70' lang='lat' dir='ltr'><strong>recelleret,</strong></span> 
     </span>
    </p>

    <p class='ocr_par' dir='ltr' id='par_1_3' title="bbox 95 461 1784 2360">
     <span class='ocr_line' id='line_1_3' title="bbox 95 461 1784 557; baseline 0.002 -17"><span class='ocrx_word' id='word_1_19' title='bbox 95 491 201 548; x_wconf 67' lang='lat' dir='ltr'><strong>quodue</strong></span> <span class='ocrx_word' id='word_1_20' title='bbox 216 474 321 530; x_wconf 64' lang='lat' dir='ltr'><strong>vinulis</strong></span> <span class='ocrx_word' id='word_1_21' title='bbox 333 482 446 540; x_wconf 69' lang='lat' dir='ltr'><strong>²m²¹⁰rt</strong></span> <span class='ocrx_word' id='word_1_22' title='bbox 462 474 621 529; x_wconf 54' lang='lat' dir='ltr'><strong>humilium</strong></span> <span class='ocrx_word' id='word_1_23' title='bbox 633 471 693 539; x_wconf 75' lang='lat'>⁰⁰⁸·</span> <span class='ocrx_word' id='word_1_24' title='bbox 710 474 822 530; x_wconf 85' lang='lat' dir='ltr'><strong>lucerna</strong></span> <span class='ocrx_word' id='word_1_25' title='bbox 833 473 879 542; x_wconf 84' lang='lat' dir='ltr'><strong>t&#39;u·</strong></span> <span class='ocrx_word' id='word_1_26' title='bbox 929 477 967 532; x_wconf 87' lang='lat' dir='ltr'><strong>ita</strong></span> <span class='ocrx_word' id='word_1_27' title='bbox 989 479 1100 534; x_wconf 84' lang='lat' dir='ltr'><strong>coeieste</strong></span> <span class='ocrx_word' id='word_1_28' title='bbox 1122 480 1256 537; x_wconf 86' lang='lat' dir='ltr'><strong>visus-est</strong></span> <span class='ocrx_word' id='word_1_29' title='bbox 1280 484 1390 539; x_wconf 87' lang='lat' dir='ltr'><strong>culmen</strong></span> <span class='ocrx_word' id='word_1_30' title='bbox 1414 489 1572 556; x_wconf 88' lang='lat' dir='ltr'><strong>promereri,</strong></span> <span class='ocrx_word' id='word_1_31' title='bbox 1587 490 1721 557; x_wconf 80' lang='lat' dir='ltr'><strong>qttutiuue</strong></span> <span class='ocrx_word' id='word_1_32' title='bbox 1781 461 1784 469; x_wconf 32' lang='grc' dir='ltr'>Ι</span> 
     </span>
     <span class='ocr_line' id='line_1_4' title="bbox 96 564 1725 646; baseline 0.005 -21"><span class='ocrx_word' id='word_1_33' title='bbox 96 571 184 635; x_wconf 66' lang='lat' dir='ltr'><strong>stitia,</strong></span> <span class='ocrx_word' id='word_1_34' title='bbox 195 568 327 624; x_wconf 73' lang='lat' dir='ltr'><strong>castimtis</strong></span> <span class='ocrx_word' id='word_1_35' title='bbox 339 579 456 636; x_wconf 73' lang='lat' dir='ltr'><strong>gentina,</strong></span> <span class='ocrx_word' id='word_1_36' title='bbox 479 564 635 620; x_wconf 86' lang='lat' dir='ltr'><strong>sobrietatis</strong></span> <span class='ocrx_word' id='word_1_37' title='bbox 654 579 760 629; x_wconf 91' lang='lat' dir='ltr'><strong>nortua,</strong></span> <span class='ocrx_word' id='word_1_38' title='bbox 773 565 799 618; x_wconf 89' lang='lat' dir='ltr'><strong>iu</strong></span> <span class='ocrx_word' id='word_1_39' title='bbox 815 579 881 620; x_wconf 89' lang='lat' dir='ltr'><strong>cun·</strong></span> <span class='ocrx_word' id='word_1_40' title='bbox 930 583 984 623; x_wconf 90' lang='lat' dir='ltr'><strong>ttott</strong></span> <span class='ocrx_word' id='word_1_41' title='bbox 1003 568 1090 625; x_wconf 87' lang='lat' dir='ltr'><strong>solum</strong></span> <span class='ocrx_word' id='word_1_42' title='bbox 1103 568 1209 626; x_wconf 81' lang='lat' dir='ltr'><strong>Section</strong></span> <span class='ocrx_word' id='word_1_43' title='bbox 1223 585 1300 640; x_wconf 75' lang='lat' dir='ltr'><strong>qens,</strong></span> <span class='ocrx_word' id='word_1_44' title='bbox 1319 589 1419 629; x_wconf 83' lang='lat' dir='ltr'><strong>verum·</strong></span> <span class='ocrx_word' id='word_1_45' title='bbox 1431 591 1539 646; x_wconf 84' lang='lat' dir='ltr'><strong>quoque</strong></span> <span class='ocrx_word' id='word_1_46' title='bbox 1556 576 1673 633; x_wconf 85' lang='lat' dir='ltr'><strong>Britanni</strong></span> <span class='ocrx_word' id='word_1_47' title='bbox 1688 587 1725 633; x_wconf 89' lang='lat' dir='ltr'><strong>et·</strong></span> 
     </span>
     <span class='ocr_line' id='line_1_5' title="bbox 95 656 1718 743; baseline 0.006 -27"><span class='ocrx_word' id='word_1_48' title='bbox 95 661 143 716; x_wconf 79' lang='lat' dir='ltr'><strong>uis</strong></span> <span class='ocrx_word' id='word_1_49' title='bbox 153 674 219 716; x_wconf 84' lang='lat' dir='ltr'><strong>rero</strong></span> <span class='ocrx_word' id='word_1_50' title='bbox 232 658 327 714; x_wconf 86' lang='lat' dir='ltr'><strong>studiis</strong></span> <span class='ocrx_word' id='word_1_51' title='bbox 339 658 395 713; x_wconf 83' lang='lat' dir='ltr'><strong>suis</strong></span> <span class='ocrx_word' id='word_1_52' title='bbox 404 657 557 743; x_wconf 80' lang='lat' dir='ltr'><strong>insudabat,</strong></span> <span class='ocrx_word' id='word_1_53' title='bbox 569 671 623 725; x_wconf 93' lang='lat' dir='ltr'><strong>quc</strong></span> <span class='ocrx_word' id='word_1_54' title='bbox 634 656 761 711; x_wconf 79' lang='lat' dir='ltr'><strong>virtutum</strong></span> <span class='ocrx_word' id='word_1_55' title='bbox 772 656 883 712; x_wconf 82' lang='lat' dir='ltr'><strong>uniter·</strong></span> <span class='ocrx_word' id='word_1_56' title='bbox 931 659 1119 716; x_wconf 83' lang='lat' dir='ltr'><strong>llibernieuses</strong></span> <span class='ocrx_word' id='word_1_57' title='bbox 1133 662 1224 733; x_wconf 90' lang='lat' dir='ltr'><strong>populi</strong></span> <span class='ocrx_word' id='word_1_58' title='bbox 1245 672 1272 718; x_wconf 90' lang='lat' dir='ltr'><strong>et</strong></span> <span class='ocrx_word' id='word_1_59' title='bbox 1285 665 1493 737; x_wconf 66' lang='lat' dir='ltr'>circumquaque</span> <span class='ocrx_word' id='word_1_60' title='bbox 1506 669 1644 739; x_wconf 80' lang='lat' dir='ltr'><strong>regionum</strong></span> <span class='ocrx_word' id='word_1_61' title='bbox 1658 672 1718 725; x_wconf 61' lang='lat' dir='ltr'><strong>uois</strong></span> 
     </span>
     <span class='ocr_line' id='line_1_6' title="bbox 97 744 1724 828; baseline 0.004 -22"><span class='ocrx_word' id='word_1_62' title='bbox 97 764 184 806; x_wconf 83' lang='lat' dir='ltr'><strong>strttrn</strong></span> <span class='ocrx_word' id='word_1_63' title='bbox 201 747 354 817; x_wconf 82' lang='lat' dir='ltr'><strong>exemplum</strong></span> <span class='ocrx_word' id='word_1_64' title='bbox 379 745 458 802; x_wconf 87' lang='lat' dir='ltr'><strong>lieret</strong></span> <span class='ocrx_word' id='word_1_65' title='bbox 470 754 497 800; x_wconf 90' lang='lat' dir='ltr'><strong>et</strong></span> <span class='ocrx_word' id='word_1_66' title='bbox 510 746 574 801; x_wconf 83' lang='lat' dir='ltr'><strong>dux.</strong></span> <span class='ocrx_word' id='word_1_67' title='bbox 592 744 624 800; x_wconf 92' lang='lat' dir='ltr'><strong>ln</strong></span> <span class='ocrx_word' id='word_1_68' title='bbox 645 746 812 803; x_wconf 85' lang='lat' dir='ltr'><strong>orationibus</strong></span> <span class='ocrx_word' id='word_1_69' title='bbox 825 746 880 802; x_wconf 90' lang='lat' dir='ltr'><strong>lre·</strong></span> <span class='ocrx_word' id='word_1_70' title='bbox 930 748 988 804; x_wconf 91' lang='lat' dir='ltr'><strong>timi</strong></span> <span class='ocrx_word' id='word_1_71' title='bbox 1007 765 1068 805; x_wconf 90' lang='lat' dir='ltr'><strong>cum</strong></span> <span class='ocrx_word' id='word_1_72' title='bbox 1085 751 1143 806; x_wconf 88' lang='lat' dir='ltr'><strong>suis</strong></span> <span class='ocrx_word' id='word_1_73' title='bbox 1162 752 1323 823; x_wconf 86' lang='lat' dir='ltr'><strong>principibus</strong></span> <span class='ocrx_word' id='word_1_74' title='bbox 1346 755 1548 814; x_wconf 50' lang='lat' dir='ltr'><strong>admirarentur,</strong></span> <span class='ocrx_word' id='word_1_75' title='bbox 1559 758 1617 828; x_wconf 80' lang='lat' dir='ltr'><strong>eius</strong></span> <span class='ocrx_word' id='word_1_76' title='bbox 1631 759 1724 814; x_wconf 76' lang='lat' dir='ltr'><strong>laudis</strong></span> 
     </span>
     <span class='ocr_line' id='line_1_7' title="bbox 97 833 1720 918; baseline 0.011 -30"><span class='ocrx_word' id='word_1_77' title='bbox 97 853 178 909; x_wconf 66' lang='lat' dir='ltr'><strong>qoem</strong></span> <span class='ocrx_word' id='word_1_78' title='bbox 189 845 262 906; x_wconf 80' lang='lat' dir='ltr'><strong>erat,</strong></span> <span class='ocrx_word' id='word_1_79' title='bbox 280 836 388 906; x_wconf 73' lang='lat' dir='ltr'><strong>vigitiis,</strong></span> <span class='ocrx_word' id='word_1_80' title='bbox 411 833 576 905; x_wconf 82' lang='lat' dir='ltr'><strong>iejuniisque</strong></span> <span class='ocrx_word' id='word_1_81' title='bbox 595 834 724 900; x_wconf 82' lang='lat' dir='ltr'><strong>intentus,</strong></span> <span class='ocrx_word' id='word_1_82' title='bbox 738 835 833 906; x_wconf 74' lang='lat' dir='ltr'><strong>inopes</strong></span> <span class='ocrx_word' id='word_1_83' title='bbox 853 835 880 892; x_wconf 89' lang='lat' dir='ltr'><strong>in</strong></span> <span class='ocrx_word' id='word_1_84' title='bbox 930 841 1071 910; x_wconf 78' lang='lat' dir='ltr'><strong>preconia,</strong></span> <span class='ocrx_word' id='word_1_85' title='bbox 1087 851 1114 898; x_wconf 88' lang='lat' dir='ltr'><strong>et</strong></span> <span class='ocrx_word' id='word_1_86' title='bbox 1127 843 1245 914; x_wconf 86' lang='lat' dir='ltr'><strong>nudique</strong></span> <span class='ocrx_word' id='word_1_87' title='bbox 1258 846 1325 901; x_wconf 88' lang='lat' dir='ltr'><strong>mira</strong></span> <span class='ocrx_word' id='word_1_88' title='bbox 1338 845 1487 918; x_wconf 78' lang='lat' dir='ltr'><strong>frequentia</strong></span> <span class='ocrx_word' id='word_1_89' title='bbox 1498 849 1720 906; x_wconf 80' lang='lat' dir='ltr'><strong>ccndcebautad·</strong></span> 
     </span>
     <span class='ocr_line' id='line_1_8' title="bbox 97 924 1757 1006; baseline 0.007 -19"><span class='ocrx_word' id='word_1_90' title='bbox 97 946 186 987; x_wconf 86' lang='lat' dir='ltr'><strong>rorum</strong></span> <span class='ocrx_word' id='word_1_91' title='bbox 197 928 405 986; x_wconf 69' lang='lat' dir='ltr'><strong>necmitabbus</strong></span> <span class='ocrx_word' id='word_1_92' title='bbox 418 926 560 996; x_wconf 77' lang='lat' dir='ltr'><strong>magnillus</strong></span> <span class='ocrx_word' id='word_1_93' title='bbox 577 924 728 990; x_wconf 85' lang='lat' dir='ltr'><strong>relevabat;</strong></span> <span class='ocrx_word' id='word_1_94' title='bbox 745 925 880 995; x_wconf 87' lang='lat' dir='ltr'><strong>bospitum</strong></span> <span class='ocrx_word' id='word_1_95' title='bbox 929 945 1002 999; x_wconf 92' lang='lat' dir='ltr'><strong>eum,</strong></span> <span class='ocrx_word' id='word_1_96' title='bbox 1015 933 1190 989; x_wconf 86' lang='lat' dir='ltr'><strong>ut&#39;uudireut</strong></span> <span class='ocrx_word' id='word_1_97' title='bbox 1208 935 1289 991; x_wconf 86' lang='lat' dir='ltr'><strong>rerba</strong></span> <span class='ocrx_word' id='word_1_98' title='bbox 1302 936 1363 992; x_wconf 73' lang='lat' dir='ltr'><strong>rita</strong></span> <span class='ocrx_word' id='word_1_99' title='bbox 1376 952 1411 993; x_wconf 87' lang='lat' dir='ltr'><strong>et</strong></span> <span class='ocrx_word' id='word_1_100' title='bbox 1422 951 1470 993; x_wconf 85' lang='lat' dir='ltr'><strong>ore</strong></span> <span class='ocrx_word' id='word_1_101' title='bbox 1483 938 1552 1006; x_wconf 84' lang='lat' dir='ltr'><strong>eius.</strong></span> <span class='ocrx_word' id='word_1_102' title='bbox 1567 938 1642 1006; x_wconf 82' lang='lat' dir='ltr'><strong>Quot</strong></span> <span class='ocrx_word' id='word_1_103' title='bbox 1655 956 1719 995; x_wconf 54' lang='lat' dir='ltr'><strong>cm*</strong></span> <span class='ocrx_word' id='word_1_104' title='bbox 1754 995 1757 999; x_wconf 80' lang='lat'><strong>.</strong></span> 
     </span>
     <span class='ocr_line' id='line_1_9' title="bbox 97 1014 1713 1097; baseline -0.004 -6"><span class='ocrx_word' id='word_1_105' title='bbox 97 1019 284 1091; x_wconf 58' lang='lat' dir='ltr'><strong>“imm</strong></span> <span class='ocrx_word' id='word_1_106' title='bbox 311 1017 551 1088; x_wconf 58' lang='lat' dir='ltr'><strong>Wiliifflssliumr</strong></span> <span class='ocrx_word' id='word_1_107' title='bbox 576 1014 826 1084; x_wconf 72' lang='lat' dir='ltr'><strong>ffl⁰⁰⁸0h⁰lumutte</strong></span> <span class='ocrx_word' id='word_1_108' title='bbox 853 1015 880 1070; x_wconf 89' lang='lat' dir='ltr'><strong>lu</strong></span> <span class='ocrx_word' id='word_1_109' title='bbox 929 1035 978 1075; x_wconf 91' lang='lat' dir='ltr'><strong>ues</strong></span> <span class='ocrx_word' id='word_1_110' title='bbox 992 1031 1021 1075; x_wconf 92' lang='lat' dir='ltr'><strong>ut</strong></span> <span class='ocrx_word' id='word_1_111' title='bbox 1035 1022 1095 1090; x_wconf 90' lang='lat' dir='ltr'><strong>pius</strong></span> <span class='ocrx_word' id='word_1_112' title='bbox 1109 1030 1186 1091; x_wconf 88' lang='lat' dir='ltr'><strong>pater</strong></span> <span class='ocrx_word' id='word_1_113' title='bbox 1200 1024 1330 1092; x_wconf 79' lang='lat' dir='ltr'><strong>spirituali</strong></span> <span class='ocrx_word' id='word_1_114' title='bbox 1353 1026 1453 1083; x_wconf 79' lang='lat' dir='ltr'><strong>cibavit</strong></span> <span class='ocrx_word' id='word_1_115' title='bbox 1475 1026 1713 1097; x_wconf 66' lang='lat' dir='ltr'><strong>reiectione-sua·</strong></span> 
     </span>
     <span class='ocr_line' id='line_1_10' title="bbox 96 1107 1717 1184; baseline 0.003 -15"><span class='ocrx_word' id='word_1_116' title='bbox 96 1112 265 1183; x_wconf 85' lang='lat' dir='ltr'><strong>rrsccptione</strong></span> <span class='ocrx_word' id='word_1_117' title='bbox 276 1109 416 1182; x_wconf 88' lang='lat' dir='ltr'><strong>piissimus</strong></span> <span class='ocrx_word' id='word_1_118' title='bbox 429 1107 595 1180; x_wconf 74' lang='lat' dir='ltr'><strong>invigilabat,</strong></span> <span class='ocrx_word' id='word_1_119' title='bbox 610 1107 779 1178; x_wconf 90' lang='lat' dir='ltr'><strong>propriisque</strong></span> <span class='ocrx_word' id='word_1_120' title='bbox 793 1107 879 1162; x_wconf 89' lang='lat' dir='ltr'><strong>mani·</strong></span> <span class='ocrx_word' id='word_1_121' title='bbox 929 1125 982 1180; x_wconf 90' lang='lat' dir='ltr'><strong>quc</strong></span> <span class='ocrx_word' id='word_1_122' title='bbox 1001 1113 1170 1170; x_wconf 88' lang='lat' dir='ltr'><strong>ccullrmatit</strong></span> <span class='ocrx_word' id='word_1_123' title='bbox 1190 1114 1386 1184; x_wconf 88' lang='lat' dir='ltr'><strong>bettedicticue,</strong></span> <span class='ocrx_word' id='word_1_124' title='bbox 1411 1125 1440 1175; x_wconf 87' lang='lat' dir='ltr'><strong>et</strong></span> <span class='ocrx_word' id='word_1_125' title='bbox 1462 1133 1557 1174; x_wconf 86' lang='lat' dir='ltr'><strong>omues</strong></span> <span class='ocrx_word' id='word_1_126' title='bbox 1571 1119 1670 1176; x_wconf 86' lang='lat' dir='ltr'><strong>irtllrtni</strong></span> <span class='ocrx_word' id='word_1_127' title='bbox 1689 1131 1717 1174; x_wconf 86' lang='lat' dir='ltr'><strong>et</strong></span> 
     </span>
     <span class='ocr_line' id='line_1_11' title="bbox 97 1197 1717 1276; baseline 0.003 -18"><span class='ocrx_word' id='word_1_128' title='bbox 97 1205 139 1258; x_wconf 87' lang='lat' dir='ltr'><strong>lus</strong></span> <span class='ocrx_word' id='word_1_129' title='bbox 153 1202 239 1273; x_wconf 84' lang='lat' dir='ltr'><strong>pedes</strong></span> <span class='ocrx_word' id='word_1_130' title='bbox 248 1215 344 1256; x_wconf 88' lang='lat' dir='ltr'><strong>eornm</strong></span> <span class='ocrx_word' id='word_1_131' title='bbox 360 1199 497 1263; x_wconf 89' lang='lat' dir='ltr'><strong>abluebat,</strong></span> <span class='ocrx_word' id='word_1_132' title='bbox 511 1213 610 1268; x_wconf 84' lang='lat' dir='ltr'><strong>aquam</strong></span> <span class='ocrx_word' id='word_1_133' title='bbox 623 1198 747 1254; x_wconf 90' lang='lat' dir='ltr'><strong>manibus</strong></span> <span class='ocrx_word' id='word_1_134' title='bbox 762 1197 880 1255; x_wconf 86' lang='lat' dir='ltr'><strong>devotis·</strong></span> <span class='ocrx_word' id='word_1_135' title='bbox 929 1200 1062 1256; x_wconf 89' lang='lat' dir='ltr'><strong>debilitati</strong></span> <span class='ocrx_word' id='word_1_136' title='bbox 1084 1201 1230 1267; x_wconf 82' lang='lat' dir='ltr'><strong>membris,</strong></span> <span class='ocrx_word' id='word_1_137' title='bbox 1244 1204 1379 1272; x_wconf 76' lang='lat' dir='ltr'><strong>uariisque</strong></span> <span class='ocrx_word' id='word_1_138' title='bbox 1400 1205 1535 1276; x_wconf 62' lang='lat' dir='ltr'><strong>impediti,</strong></span> <span class='ocrx_word' id='word_1_139' title='bbox 1546 1206 1717 1276; x_wconf 74' lang='lat' dir='ltr'><strong>languoribus</strong></span> 
     </span>
     <span class='ocr_line' id='line_1_12' title="bbox 97 1288 1717 1367; baseline 0.004 -19"><span class='ocrx_word' id='word_1_140' title='bbox 97 1295 173 1348; x_wconf 79' lang='lat' dir='ltr'><strong>dnttts</strong></span> <span class='ocrx_word' id='word_1_141' title='bbox 182 1293 331 1359; x_wconf 89' lang='lat' dir='ltr'><strong>tribuebat,</strong></span> <span class='ocrx_word' id='word_1_142' title='bbox 345 1292 436 1347; x_wconf 88' lang='lat' dir='ltr'><strong>cibum</strong></span> <span class='ocrx_word' id='word_1_143' title='bbox 449 1297 596 1359; x_wconf 88' lang='lat' dir='ltr'><strong>potumque</strong></span> <span class='ocrx_word' id='word_1_144' title='bbox 607 1288 780 1360; x_wconf 74' lang='lat' dir='ltr'><strong>largissimus</strong></span> <span class='ocrx_word' id='word_1_145' title='bbox 794 1290 880 1346; x_wconf 87' lang='lat' dir='ltr'><strong>admi·</strong></span> <span class='ocrx_word' id='word_1_146' title='bbox 929 1290 975 1360; x_wconf 86' lang='lat' dir='ltr'><strong>qui</strong></span> <span class='ocrx_word' id='word_1_147' title='bbox 994 1290 1027 1345; x_wconf 87' lang='lat' dir='ltr'><strong>ad</strong></span> <span class='ocrx_word' id='word_1_148' title='bbox 1041 1305 1103 1346; x_wconf 89' lang='lat' dir='ltr'><strong>eum</strong></span> <span class='ocrx_word' id='word_1_149' title='bbox 1117 1302 1311 1362; x_wconf 78' lang='lat' dir='ltr'><strong>conuenerunt,</strong></span> <span class='ocrx_word' id='word_1_150' title='bbox 1328 1294 1387 1364; x_wconf 81' lang='lat' dir='ltr'><strong>eius</strong></span> <span class='ocrx_word' id='word_1_151' title='bbox 1400 1295 1584 1353; x_wconf 84' lang='lat' dir='ltr'><strong>bertellceutiis</strong></span> <span class='ocrx_word' id='word_1_152' title='bbox 1605 1298 1717 1367; x_wconf 71' lang='lat' dir='ltr'><strong>reiritc·</strong></span> 
     </span>
     <span class='ocr_line' id='line_1_13' title="bbox 98 1377 1721 1452; baseline 0.002 -12"><span class='ocrx_word' id='word_1_153' title='bbox 98 1385 234 1452; x_wconf 70' lang='lat' dir='ltr'><strong>titrabat,</strong></span> <span class='ocrx_word' id='word_1_154' title='bbox 256 1399 290 1439; x_wconf 87' lang='lat' dir='ltr'><strong>ac</strong></span> <span class='ocrx_word' id='word_1_155' title='bbox 304 1383 464 1438; x_wconf 78' lang='lat' dir='ltr'><strong>uestimenta</strong></span> <span class='ocrx_word' id='word_1_156' title='bbox 491 1380 633 1450; x_wconf 74' lang='lat' dir='ltr'><strong>egentibus</strong></span> <span class='ocrx_word' id='word_1_157' title='bbox 651 1380 781 1436; x_wconf 88' lang='lat' dir='ltr'><strong>ditissime</strong></span> <span class='ocrx_word' id='word_1_158' title='bbox 797 1382 879 1450; x_wconf 78' lang='lat' dir='ltr'><strong>iargi-</strong></span> <span class='ocrx_word' id='word_1_159' title='bbox 930 1377 989 1433; x_wconf 90' lang='lat' dir='ltr'><strong>rati.</strong></span> <span class='ocrx_word' id='word_1_160' title='bbox 999 1387 1027 1434; x_wconf 92' lang='lat' dir='ltr'><strong>et</strong></span> <span class='ocrx_word' id='word_1_161' title='bbox 1039 1380 1137 1450; x_wconf 86' lang='lat' dir='ltr'><strong>optatis</strong></span> <span class='ocrx_word' id='word_1_162' title='bbox 1150 1381 1267 1449; x_wconf 70' lang='lat' dir='ltr'><strong>vegetati</strong></span> <span class='ocrx_word' id='word_1_163' title='bbox 1282 1383 1384 1439; x_wconf 83' lang='lat' dir='ltr'><strong>uiribus</strong></span> <span class='ocrx_word' id='word_1_164' title='bbox 1398 1384 1424 1440; x_wconf 90' lang='lat' dir='ltr'><strong>itt</strong></span> <span class='ocrx_word' id='word_1_165' title='bbox 1437 1400 1486 1441; x_wconf 87' lang='lat' dir='ltr'><strong>sua</strong></span> <span class='ocrx_word' id='word_1_166' title='bbox 1500 1385 1721 1444; x_wconf 80' lang='lat' dir='ltr'><strong>redieruntlmti..</strong></span> 
     </span>
     <span class='ocr_line' id='line_1_14' title="bbox 99 1469 1722 1547; baseline 0.002 -15"><span class='ocrx_word' id='word_1_167' title='bbox 99 1485 136 1532; x_wconf 84' lang='lat' dir='ltr'><strong>us</strong></span> <span class='ocrx_word' id='word_1_168' title='bbox 150 1484 205 1532; x_wconf 83' lang='lat' dir='ltr'><strong>eet.</strong></span> <span class='ocrx_word' id='word_1_169' title='bbox 234 1473 295 1546; x_wconf 73' lang='lat' dir='ltr'><strong>lpse</strong></span> <span class='ocrx_word' id='word_1_170' title='bbox 314 1475 397 1530; x_wconf 85' lang='lat' dir='ltr'><strong>etiam</strong></span> <span class='ocrx_word' id='word_1_171' title='bbox 419 1474 476 1530; x_wconf 89' lang='lat' dir='ltr'><strong>sub</strong></span> <span class='ocrx_word' id='word_1_172' title='bbox 486 1474 655 1530; x_wconf 83' lang='lat' dir='ltr'><strong>vestimentis</strong></span> <span class='ocrx_word' id='word_1_173' title='bbox 681 1474 881 1545; x_wconf 85' lang='lat' dir='ltr'><strong>pcutisscciibus</strong></span> <span class='ocrx_word' id='word_1_174' title='bbox 930 1469 1039 1529; x_wconf 78' lang='lat' dir='ltr'><strong>tironis</strong></span> <span class='ocrx_word' id='word_1_175' title='bbox 1051 1479 1141 1527; x_wconf 89' lang='lat' dir='ltr'><strong>autem</strong></span> <span class='ocrx_word' id='word_1_176' title='bbox 1154 1473 1259 1529; x_wconf 69' lang='lat' dir='ltr'><strong>amotus</strong></span> <span class='ocrx_word' id='word_1_177' title='bbox 1279 1474 1339 1543; x_wconf 85' lang='lat' dir='ltr'><strong>ejus</strong></span> <span class='ocrx_word' id='word_1_178' title='bbox 1363 1475 1401 1531; x_wconf 77' lang='lat' dir='ltr'><strong>in</strong></span> <span class='ocrx_word' id='word_1_179' title='bbox 1413 1476 1539 1533; x_wconf 87' lang='lat' dir='ltr'><strong>elationis</strong></span> <span class='ocrx_word' id='word_1_180' title='bbox 1558 1478 1722 1547; x_wconf 66' lang='lat' dir='ltr'><strong>jucundant,</strong></span> 
     </span>
     <span class='ocr_line' id='line_1_15' title="bbox 99 1563 1729 1639; baseline 0.001 -17"><span class='ocrx_word' id='word_1_181' title='bbox 99 1565 246 1637; x_wconf 77' lang='lat' dir='ltr'><strong>mrpuratis</strong></span> <span class='ocrx_word' id='word_1_182' title='bbox 258 1581 326 1622; x_wconf 88' lang='lat' dir='ltr'><strong>auro</strong></span> <span class='ocrx_word' id='word_1_183' title='bbox 345 1578 432 1636; x_wconf 70' lang='lat' dir='ltr'><strong>gemm</strong></span> <span class='ocrx_word' id='word_1_184' title='bbox 439 1566 515 1634; x_wconf 87' lang='lat' dir='ltr'><strong>isque</strong></span> <span class='ocrx_word' id='word_1_185' title='bbox 532 1564 668 1624; x_wconf 87' lang='lat' dir='ltr'><strong>decoratis</strong></span> <span class='ocrx_word' id='word_1_186' title='bbox 681 1581 789 1637; x_wconf 86' lang='lat' dir='ltr'><strong>semper</strong></span> <span class='ocrx_word' id='word_1_187' title='bbox 801 1567 880 1624; x_wconf 82' lang='lat' dir='ltr'><strong>indu-</strong></span> <span class='ocrx_word' id='word_1_188' title='bbox 930 1579 985 1619; x_wconf 87' lang='lat' dir='ltr'><strong>nce</strong></span> <span class='ocrx_word' id='word_1_189' title='bbox 996 1571 1039 1620; x_wconf 86' lang='lat' dir='ltr'><strong>est</strong></span> <span class='ocrx_word' id='word_1_190' title='bbox 1057 1563 1207 1628; x_wconf 88' lang='lat' dir='ltr'><strong>subrectus,</strong></span> <span class='ocrx_word' id='word_1_191' title='bbox 1222 1564 1269 1618; x_wconf 87' lang='lat' dir='ltr'><strong>sed</strong></span> <span class='ocrx_word' id='word_1_192' title='bbox 1293 1564 1457 1635; x_wconf 89' lang='lat' dir='ltr'><strong>ultraquam</strong></span> <span class='ocrx_word' id='word_1_193' title='bbox 1478 1566 1603 1623; x_wconf 82' lang='lat' dir='ltr'><strong>admirari</strong></span> <span class='ocrx_word' id='word_1_194' title='bbox 1611 1577 1729 1639; x_wconf 60' lang='lat' dir='ltr'><strong>potere„</strong></span> 
     </span>
     <span class='ocr_line' id='line_1_16' title="bbox 99 1653 1715 1740; baseline -0.002 -24"><span class='ocrx_word' id='word_1_195' title='bbox 99 1658 243 1724; x_wconf 86' lang='lat' dir='ltr'><strong>tusciliein,</strong></span> <span class='ocrx_word' id='word_1_196' title='bbox 253 1673 326 1729; x_wconf 87' lang='lat' dir='ltr'><strong>pano</strong></span> <span class='ocrx_word' id='word_1_197' title='bbox 336 1656 516 1740; x_wconf 76' lang='lat' dir='ltr'><strong>subcinericio</strong></span> <span class='ocrx_word' id='word_1_198' title='bbox 527 1656 721 1727; x_wconf 67' lang='lat' dir='ltr'><strong>cineribusque</strong></span> <span class='ocrx_word' id='word_1_199' title='bbox 731 1660 885 1714; x_wconf 79' lang='lat' dir='ltr'><strong>commixto</strong></span> <span class='ocrx_word' id='word_1_200' title='bbox 929 1669 1000 1708; x_wconf 82' lang='lat' dir='ltr'><strong>sere</strong></span> <span class='ocrx_word' id='word_1_201' title='bbox 1012 1653 1170 1710; x_wconf 81' lang='lat' dir='ltr'><strong>bumibtatis</strong></span> <span class='ocrx_word' id='word_1_202' title='bbox 1178 1653 1284 1710; x_wconf 88' lang='lat' dir='ltr'><strong>cautela</strong></span> <span class='ocrx_word' id='word_1_203' title='bbox 1295 1655 1321 1708; x_wconf 90' lang='lat' dir='ltr'><strong>iu</strong></span> <span class='ocrx_word' id='word_1_204' title='bbox 1334 1656 1556 1724; x_wconf 87' lang='lat' dir='ltr'><strong>mansuetudinis,</strong></span> <span class='ocrx_word' id='word_1_205' title='bbox 1567 1659 1715 1729; x_wconf 74' lang='lat' dir='ltr'><strong>patientins,</strong></span> 
     </span>
     <span class='ocr_line' id='line_1_17' title="bbox 99 1734 1717 1818; baseline 0.001 -17"><span class='ocrx_word' id='word_1_206' title='bbox 99 1755 170 1817; x_wconf 75' lang='lat' dir='ltr'><strong>atque</strong></span> <span class='ocrx_word' id='word_1_207' title='bbox 198 1746 368 1818; x_wconf 82' lang='lat' dir='ltr'><strong>parcissimo,</strong></span> <span class='ocrx_word' id='word_1_208' title='bbox 394 1760 471 1815; x_wconf 73' lang='lat' dir='ltr'><strong>aquae</strong></span> <span class='ocrx_word' id='word_1_209' title='bbox 498 1754 579 1814; x_wconf 70' lang='lat' dir='ltr'><strong>piretu</strong></span> <span class='ocrx_word' id='word_1_210' title='bbox 606 1746 733 1815; x_wconf 83' lang='lat' dir='ltr'><strong>perdice</strong></span> <span class='ocrx_word' id='word_1_211' title='bbox 758 1747 880 1817; x_wconf 75' lang='lat' dir='ltr'><strong>singulos</strong></span> <span class='ocrx_word' id='word_1_212' title='bbox 896 1734 1071 1818; x_wconf 71' lang='lat' dir='ltr'><strong>Bcastitatis,</strong></span> <span class='ocrx_word' id='word_1_213' title='bbox 1091 1742 1283 1812; x_wconf 68' lang='lat' dir='ltr'><strong>temperantiae,</strong></span> <span class='ocrx_word' id='word_1_214' title='bbox 1306 1743 1427 1813; x_wconf 77' lang='lat' dir='ltr'><strong>iustitie,</strong></span> <span class='ocrx_word' id='word_1_215' title='bbox 1449 1746 1601 1802; x_wconf 83' lang='lat' dir='ltr'><strong>dlecticnis</strong></span> <span class='ocrx_word' id='word_1_216' title='bbox 1621 1747 1669 1803; x_wconf 83' lang='lat' dir='ltr'><strong>liei</strong></span> <span class='ocrx_word' id='word_1_217' title='bbox 1688 1757 1717 1802; x_wconf 88' lang='lat' dir='ltr'><strong>et</strong></span> 
     </span>
     <span class='ocr_line' id='line_1_18' title="bbox 99 1832 1715 1906; baseline -0.001 -14"><span class='ocrx_word' id='word_1_218' title='bbox 99 1835 232 1892; x_wconf 62' lang='lat' dir='ltr'><strong>recubu</strong></span> <span class='ocrx_word' id='word_1_219' title='bbox 243 1853 252 1890; x_wconf 77' lang='lat' dir='ltr'><strong>r</strong></span> <span class='ocrx_word' id='word_1_220' title='bbox 264 1835 322 1906; x_wconf 69' lang='lat' dir='ltr'><strong>iugi</strong></span> <span class='ocrx_word' id='word_1_221' title='bbox 335 1849 445 1905; x_wconf 84' lang='lat' dir='ltr'><strong>quoque</strong></span> <span class='ocrx_word' id='word_1_222' title='bbox 458 1835 634 1890; x_wconf 79' lang='lat' dir='ltr'><strong>meditatione</strong></span> <span class='ocrx_word' id='word_1_223' title='bbox 649 1837 810 1892; x_wconf 86' lang='lat' dir='ltr'><strong>monasteria</strong></span> <span class='ocrx_word' id='word_1_224' title='bbox 822 1837 880 1891; x_wconf 82' lang='lat' dir='ltr'><strong>siue</strong></span> <span class='ocrx_word' id='word_1_225' title='bbox 932 1832 1046 1901; x_wconf 75' lang='lat' dir='ltr'><strong>portui</strong></span> <span class='ocrx_word' id='word_1_226' title='bbox 1068 1833 1180 1902; x_wconf 72' lang='lat' dir='ltr'><strong>pignore</strong></span> <span class='ocrx_word' id='word_1_227' title='bbox 1199 1843 1307 1889; x_wconf 69' lang='lat' dir='ltr'><strong>ceterum</strong></span> <span class='ocrx_word' id='word_1_228' title='bbox 1319 1834 1457 1890; x_wconf 79' lang='lat' dir='ltr'><strong>charitatis</strong></span> <span class='ocrx_word' id='word_1_229' title='bbox 1470 1835 1643 1892; x_wconf 85' lang='lat' dir='ltr'><strong>iuudamento</strong></span> <span class='ocrx_word' id='word_1_230' title='bbox 1653 1847 1715 1893; x_wconf 75' lang='lat' dir='ltr'><strong>ertu</strong></span> 
     </span>
     <span class='ocr_line' id='line_1_19' title="bbox 99 1923 1715 1996; baseline 0.002 -15"><span class='ocrx_word' id='word_1_231' title='bbox 99 1934 183 1981; x_wconf 71' lang='lat' dir='ltr'><strong>noete</strong></span> <span class='ocrx_word' id='word_1_232' title='bbox 203 1924 266 1980; x_wconf 85' lang='lat' dir='ltr'><strong>loca</strong></span> <span class='ocrx_word' id='word_1_233' title='bbox 286 1924 464 1990; x_wconf 87' lang='lat' dir='ltr'><strong>orationibus,</strong></span> <span class='ocrx_word' id='word_1_234' title='bbox 492 1924 658 1994; x_wconf 83' lang='lat' dir='ltr'><strong>psalmodiis,</strong></span> <span class='ocrx_word' id='word_1_235' title='bbox 683 1926 879 1996; x_wconf 87' lang='lat' dir='ltr'><strong>missarumque</strong></span> <span class='ocrx_word' id='word_1_236' title='bbox 931 1923 1065 1981; x_wconf 80' lang='lat' dir='ltr'><strong>fundatus.</strong></span> <span class='ocrx_word' id='word_1_237' title='bbox 1088 1923 1261 1982; x_wconf 84' lang='lat' dir='ltr'><strong>Farcrabilcs</strong></span> <span class='ocrx_word' id='word_1_238' title='bbox 1280 1926 1371 1995; x_wconf 86' lang='lat' dir='ltr'><strong>itaque</strong></span> <span class='ocrx_word' id='word_1_239' title='bbox 1394 1926 1519 1995; x_wconf 75' lang='lat' dir='ltr'><strong>rumigeri</strong></span> <span class='ocrx_word' id='word_1_240' title='bbox 1539 1927 1715 1996; x_wconf 83' lang='lat' dir='ltr'><strong>loquacitates</strong></span> 
     </span>
     <span class='ocr_line' id='line_1_20' title="bbox 100 2013 1674 2087; baseline 0.001 -16"><span class='ocrx_word' id='word_1_241' title='bbox 100 2014 320 2071; x_wconf 80' lang='lat' dir='ltr'><strong>celebrationibus</strong></span> <span class='ocrx_word' id='word_1_242' title='bbox 333 2013 554 2083; x_wconf 71' lang='lat' dir='ltr'><strong>vigilantissimus</strong></span> <span class='ocrx_word' id='word_1_243' title='bbox 571 2014 768 2084; x_wconf 74' lang='lat' dir='ltr'><strong>frequentabat.</strong></span> <span class='ocrx_word' id='word_1_244' title='bbox 780 2016 879 2084; x_wconf 84' lang='lat' dir='ltr'><strong>Quanti</strong></span> <span class='ocrx_word' id='word_1_245' title='bbox 932 2014 1001 2082; x_wconf 76' lang='lat' dir='ltr'><strong>tuti</strong></span> <span class='ocrx_word' id='word_1_246' title='bbox 1016 2023 1142 2087; x_wconf 90' lang='lat' dir='ltr'><strong>tanquam</strong></span> <span class='ocrx_word' id='word_1_247' title='bbox 1157 2033 1188 2072; x_wconf 90' lang='lat' dir='ltr'><strong>cs</strong></span> <span class='ocrx_word' id='word_1_248' title='bbox 1201 2017 1339 2072; x_wconf 81' lang='lat' dir='ltr'><strong>abborruit</strong></span> <span class='ocrx_word' id='word_1_249' title='bbox 1355 2017 1525 2074; x_wconf 88' lang='lat' dir='ltr'><strong>llamtuitcmi</strong></span> <span class='ocrx_word' id='word_1_250' title='bbox 1539 2019 1674 2075; x_wconf 76' lang='lat' dir='ltr'><strong>draconi.</strong></span> 
     </span>
     <span class='ocr_line' id='line_1_21' title="bbox 101 2104 1714 2177; baseline -0.001 -14"><span class='ocrx_word' id='word_1_251' title='bbox 101 2121 155 2163; x_wconf 76' lang='lat' dir='ltr'><strong>vero</strong></span> <span class='ocrx_word' id='word_1_252' title='bbox 169 2106 272 2162; x_wconf 72' lang='lat' dir='ltr'><strong>infirmi</strong></span> <span class='ocrx_word' id='word_1_253' title='bbox 292 2114 321 2162; x_wconf 91' lang='lat' dir='ltr'><strong>et</strong></span> <span class='ocrx_word' id='word_1_254' title='bbox 333 2105 451 2161; x_wconf 87' lang='lat' dir='ltr'><strong>debiles·</strong></span> <span class='ocrx_word' id='word_1_255' title='bbox 464 2120 499 2161; x_wconf 82' lang='lat' dir='ltr'><strong>er</strong></span> <span class='ocrx_word' id='word_1_256' title='bbox 523 2105 615 2160; x_wconf 89' lang='lat' dir='ltr'><strong>umbra</strong></span> <span class='ocrx_word' id='word_1_257' title='bbox 640 2105 761 2174; x_wconf 87' lang='lat' dir='ltr'><strong>corporis</strong></span> <span class='ocrx_word' id='word_1_258' title='bbox 780 2106 837 2175; x_wconf 79' lang='lat' dir='ltr'><strong>cius</strong></span> <span class='ocrx_word' id='word_1_259' title='bbox 851 2113 879 2159; x_wconf 88' lang='lat' dir='ltr'><strong>et</strong></span> <span class='ocrx_word' id='word_1_260' title='bbox 964 2104 1009 2159; x_wconf 68' lang='lat' dir='ltr'><strong>il.</strong></span> <span class='ocrx_word' id='word_1_261' title='bbox 1026 2104 1128 2160; x_wconf 81' lang='lat' dir='ltr'><strong>l&#39;icuric</strong></span> <span class='ocrx_word' id='word_1_262' title='bbox 1139 2105 1244 2174; x_wconf 70' lang='lat' dir='ltr'><strong>rudecto</strong></span> <span class='ocrx_word' id='word_1_263' title='bbox 1254 2107 1362 2162; x_wconf 81' lang='lat' dir='ltr'><strong>discedit</strong></span> <span class='ocrx_word' id='word_1_264' title='bbox 1373 2107 1501 2162; x_wconf 72' lang='lat' dir='ltr'><strong>citriorum</strong></span> <span class='ocrx_word' id='word_1_265' title='bbox 1513 2109 1574 2171; x_wconf 65' lang='lat' dir='ltr'><strong>aliisi</strong></span> <span class='ocrx_word' id='word_1_266' title='bbox 1586 2109 1714 2177; x_wconf 76' lang='lat' dir='ltr'><strong>predico-</strong></span> 
     </span>
     <span class='ocr_line' id='line_1_22' title="bbox 101 2193 1712 2270; baseline 0.004 -21"><span class='ocrx_word' id='word_1_267' title='bbox 101 2203 165 2250; x_wconf 87' lang='lat' dir='ltr'><strong>taettt</strong></span> <span class='ocrx_word' id='word_1_268' title='bbox 183 2194 408 2251; x_wconf 76' lang='lat' dir='ltr'><strong>vestimentorum</strong></span> <span class='ocrx_word' id='word_1_269' title='bbox 437 2193 508 2250; x_wconf 89' lang='lat' dir='ltr'><strong>illius</strong></span> <span class='ocrx_word' id='word_1_270' title='bbox 530 2193 589 2250; x_wconf 83' lang='lat' dir='ltr'><strong>site</strong></span> <span class='ocrx_word' id='word_1_271' title='bbox 611 2202 714 2248; x_wconf 89' lang='lat' dir='ltr'><strong>tantum</strong></span> <span class='ocrx_word' id='word_1_272' title='bbox 740 2193 880 2250; x_wconf 86' lang='lat' dir='ltr'><strong>audientes</strong></span> <span class='ocrx_word' id='word_1_273' title='bbox 931 2196 1060 2254; x_wconf 73' lang='lat' dir='ltr'><strong>tornulo</strong></span> <span class='ocrx_word' id='word_1_274' title='bbox 1079 2199 1227 2255; x_wconf 87' lang='lat' dir='ltr'><strong>bisantem</strong></span> <span class='ocrx_word' id='word_1_275' title='bbox 1243 2215 1355 2270; x_wconf 79' lang='lat' dir='ltr'><strong>semper</strong></span> <span class='ocrx_word' id='word_1_276' title='bbox 1374 2199 1504 2255; x_wconf 86' lang='lat' dir='ltr'><strong>sollicitus</strong></span> <span class='ocrx_word' id='word_1_277' title='bbox 1525 2199 1574 2255; x_wconf 83' lang='lat' dir='ltr'><strong>luit</strong></span> <span class='ocrx_word' id='word_1_278' title='bbox 1593 2215 1652 2270; x_wconf 81' lang='lat' dir='ltr'><strong>qun</strong></span> <span class='ocrx_word' id='word_1_279' title='bbox 1667 2201 1712 2257; x_wconf 78' lang='lat' dir='ltr'><strong>liei</strong></span> 
     </span>
     <span class='ocr_line' id='line_1_23' title="bbox 101 2287 1712 2360; baseline 0.004 -21"><span class='ocrx_word' id='word_1_280' title='bbox 101 2304 185 2344; x_wconf 85' lang='lat' dir='ltr'><strong>rocetn</strong></span> <span class='ocrx_word' id='word_1_281' title='bbox 200 2289 252 2360; x_wconf 73' lang='lat' dir='ltr'><strong>pie</strong></span> <span class='ocrx_word' id='word_1_282' title='bbox 264 2288 324 2358; x_wconf 84' lang='lat' dir='ltr'><strong>ejus</strong></span> <span class='ocrx_word' id='word_1_283' title='bbox 334 2289 528 2345; x_wconf 88' lang='lat' dir='ltr'><strong>admonitionis</strong></span> <span class='ocrx_word' id='word_1_284' title='bbox 538 2289 598 2344; x_wconf 89' lang='lat' dir='ltr'><strong>saui</strong></span> <span class='ocrx_word' id='word_1_285' title='bbox 609 2288 698 2344; x_wconf 69' lang='lat' dir='ltr'><strong>eflecti</strong></span> <span class='ocrx_word' id='word_1_286' title='bbox 714 2287 880 2359; x_wconf 86' lang='lat' dir='ltr'><strong>iueriutquis</strong></span> <span class='ocrx_word' id='word_1_287' title='bbox 929 2295 1001 2356; x_wconf 89' lang='lat' dir='ltr'><strong>sunt,</strong></span> <span class='ocrx_word' id='word_1_288' title='bbox 1013 2304 1066 2344; x_wconf 90' lang='lat' dir='ltr'><strong>nou</strong></span> <span class='ocrx_word' id='word_1_289' title='bbox 1081 2304 1140 2359; x_wconf 84' lang='lat' dir='ltr'><strong>quae</strong></span> <span class='ocrx_word' id='word_1_290' title='bbox 1153 2297 1217 2344; x_wconf 86' lang='lat' dir='ltr'><strong>suut</strong></span> <span class='ocrx_word' id='word_1_291' title='bbox 1233 2291 1333 2355; x_wconf 88' lang='lat' dir='ltr'><strong>mundi,</strong></span> <span class='ocrx_word' id='word_1_292' title='bbox 1344 2291 1569 2360; x_wconf 88' lang='lat' dir='ltr'><strong>sciensquouiam</strong></span> <span class='ocrx_word' id='word_1_293' title='bbox 1584 2293 1712 2349; x_wconf 87' lang='lat' dir='ltr'><strong>tuitillca-</strong></span> 
     </span>
    </p>
   </div>
   <div class='ocr_carea' id='block_1_3' title="bbox 100 2379 1822 2452">
    <p class='ocr_par' dir='ltr' id='par_1_4' title="bbox 100 2379 1822 2452">
     <span class='ocr_line' id='line_1_24' title="bbox 100 2379 1822 2452; baseline 0.003 -18"><span class='ocrx_word' id='word_1_294' title='bbox 100 2380 313 2452; x_wconf 79' lang='lat' dir='ltr'><strong>explicetlplane</strong></span> <span class='ocrx_word' id='word_1_295' title='bbox 326 2395 444 2451; x_wconf 90' lang='lat' dir='ltr'><strong>namque</strong></span> <span class='ocrx_word' id='word_1_296' title='bbox 456 2381 599 2438; x_wconf 88' lang='lat' dir='ltr'><strong>beatorum</strong></span> <span class='ocrx_word' id='word_1_297' title='bbox 610 2381 800 2450; x_wconf 89' lang='lat' dir='ltr'><strong>apostolorum</strong></span> <span class='ocrx_word' id='word_1_298' title='bbox 815 2382 879 2438; x_wconf 91' lang='lat' dir='ltr'><strong>sub·</strong></span> <span class='ocrx_word' id='word_1_299' title='bbox 929 2379 967 2435; x_wconf 87' lang='lat' dir='ltr'><strong>rit</strong></span> <span class='ocrx_word' id='word_1_300' title='bbox 993 2380 1119 2437; x_wconf 75' lang='lat' dir='ltr'><strong>{inuniunt</strong></span> <span class='ocrx_word' id='word_1_301' title='bbox 1139 2379 1251 2448; x_wconf 77' lang='lat' dir='ltr'><strong>entiam</strong></span> <span class='ocrx_word' id='word_1_302' title='bbox 1266 2395 1343 2436; x_wconf 83' lang='lat' dir='ltr'><strong>suam</strong></span> <span class='ocrx_word' id='word_1_303' title='bbox 1363 2396 1424 2436; x_wconf 90' lang='lat' dir='ltr'><strong>cum</strong></span> <span class='ocrx_word' id='word_1_304' title='bbox 1437 2395 1481 2444; x_wconf 83' lang='lat' dir='ltr'><strong>ec,</strong></span> <span class='ocrx_word' id='word_1_305' title='bbox 1497 2388 1637 2439; x_wconf 75' lang='lat' dir='ltr'><strong>etennctc</strong></span> <span class='ocrx_word' id='word_1_306' title='bbox 1657 2398 1712 2439; x_wconf 80' lang='lat' dir='ltr'><strong>sure</strong></span> <span class='ocrx_word' id='word_1_307' title='bbox 1820 2418 1822 2427; x_wconf 69' lang='lat'><strong>,</strong></span> 
     </span>
    </p>
   </div>
   <div class='ocr_carea' id='block_1_4' title="bbox 81 2469 1725 5266">
    <p class='ocr_par' dir='ltr' id='par_1_5' title="bbox 81 2469 1725 5266">
     <span class='ocr_line' id='line_1_25' title="bbox 102 2469 1712 2543; baseline 0.001 -16"><span class='ocrx_word' id='word_1_308' title='bbox 102 2484 183 2539; x_wconf 70' lang='lat' dir='ltr'><strong>mrem</strong></span> <span class='ocrx_word' id='word_1_309' title='bbox 199 2471 350 2539; x_wconf 86' lang='lat' dir='ltr'><strong>credamus,</strong></span> <span class='ocrx_word' id='word_1_310' title='bbox 362 2473 425 2542; x_wconf 90' lang='lat' dir='ltr'><strong>quia</strong></span> <span class='ocrx_word' id='word_1_311' title='bbox 439 2472 556 2542; x_wconf 89' lang='lat' dir='ltr'><strong>puritate</strong></span> <span class='ocrx_word' id='word_1_312' title='bbox 576 2473 675 2529; x_wconf 83' lang='lat' dir='ltr'><strong>utentis</strong></span> <span class='ocrx_word' id='word_1_313' title='bbox 690 2481 716 2529; x_wconf 87' lang='lat' dir='ltr'><strong>et</strong></span> <span class='ocrx_word' id='word_1_314' title='bbox 732 2474 879 2530; x_wconf 73' lang='lat' dir='ltr'><strong>sobrietate</strong></span> <span class='ocrx_word' id='word_1_315' title='bbox 929 2469 1108 2526; x_wconf 76' lang='lat' dir='ltr'><strong>meditationis</strong></span> <span class='ocrx_word' id='word_1_316' title='bbox 1128 2469 1260 2538; x_wconf 72' lang='lat' dir='ltr'><strong>mariun</strong></span> <span class='ocrx_word' id='word_1_317' title='bbox 1279 2485 1370 2527; x_wconf 87' lang='lat' dir='ltr'><strong>secum</strong></span> <span class='ocrx_word' id='word_1_318' title='bbox 1383 2471 1539 2543; x_wconf 82' lang='lat' dir='ltr'><strong>respiravit,</strong></span> <span class='ocrx_word' id='word_1_319' title='bbox 1552 2474 1712 2543; x_wconf 77' lang='lat' dir='ltr'><strong>culpamque</strong></span> 
     </span>
     <span class='ocr_line' id='line_1_26' title="bbox 102 2559 1712 2634; baseline 0.001 -17"><span class='ocrx_word' id='word_1_320' title='bbox 102 2559 185 2617; x_wconf 71' lang='lat' dir='ltr'><strong>ncndt</strong></span> <span class='ocrx_word' id='word_1_321' title='bbox 211 2562 334 2632; x_wconf 84' lang='lat' dir='ltr'><strong>corporis</strong></span> <span class='ocrx_word' id='word_1_322' title='bbox 359 2562 456 2632; x_wconf 85' lang='lat' dir='ltr'><strong>aequall</strong></span> <span class='ocrx_word' id='word_1_323' title='bbox 471 2562 574 2632; x_wconf 86' lang='lat' dir='ltr'><strong>potitus</strong></span> <span class='ocrx_word' id='word_1_324' title='bbox 587 2572 629 2620; x_wconf 85' lang='lat' dir='ltr'><strong>est</strong></span> <span class='ocrx_word' id='word_1_325' title='bbox 652 2563 792 2634; x_wconf 80' lang='lat' dir='ltr'><strong>dignitate.</strong></span> <span class='ocrx_word' id='word_1_326' title='bbox 816 2564 877 2620; x_wconf 84' lang='lat' dir='ltr'><strong>Fuit</strong></span> <span class='ocrx_word' id='word_1_327' title='bbox 928 2561 1209 2631; x_wconf 82' lang='lat' dir='ltr'><strong>iusereprebettdeus</strong></span> <span class='ocrx_word' id='word_1_328' title='bbox 1220 2563 1244 2618; x_wconf 84' lang='lat' dir='ltr'><strong>si</strong></span> <span class='ocrx_word' id='word_1_329' title='bbox 1255 2563 1382 2618; x_wconf 82' lang='lat' dir='ltr'><strong>talentum</strong></span> <span class='ocrx_word' id='word_1_330' title='bbox 1393 2563 1443 2618; x_wconf 89' lang='lat' dir='ltr'><strong>sibi</strong></span> <span class='ocrx_word' id='word_1_331' title='bbox 1453 2563 1581 2620; x_wconf 85' lang='lat' dir='ltr'><strong>creditum</strong></span> <span class='ocrx_word' id='word_1_332' title='bbox 1595 2565 1622 2618; x_wconf 91' lang='lat' dir='ltr'><strong>itt</strong></span> <span class='ocrx_word' id='word_1_333' title='bbox 1634 2565 1712 2619; x_wconf 88' lang='lat' dir='ltr'><strong>unius</strong></span> 
     </span>
     <span class='ocr_line' id='line_1_27' title="bbox 101 2650 1712 2726; baseline 0.005 -25"><span class='ocrx_word' id='word_1_334' title='bbox 101 2653 172 2709; x_wconf 76' lang='lat' dir='ltr'><strong>etiem</strong></span> <span class='ocrx_word' id='word_1_335' title='bbox 194 2653 358 2726; x_wconf 66' lang='lat' dir='ltr'><strong>pauperiem</strong></span> <span class='ocrx_word' id='word_1_336' title='bbox 380 2654 498 2722; x_wconf 73' lang='lat' dir='ltr'><strong>domitio,</strong></span> <span class='ocrx_word' id='word_1_337' title='bbox 524 2654 651 2724; x_wconf 70' lang='lat' dir='ltr'><strong>subjectio</strong></span> <span class='ocrx_word' id='word_1_338' title='bbox 670 2655 752 2719; x_wconf 74' lang='lat' dir='ltr'><strong>mitio,</strong></span> <span class='ocrx_word' id='word_1_339' title='bbox 781 2663 877 2726; x_wconf 72' lang='lat' dir='ltr'><strong>poten.</strong></span> <span class='ocrx_word' id='word_1_340' title='bbox 927 2651 1053 2719; x_wconf 71' lang='lat' dir='ltr'><strong>repiuttiu¹</strong></span> <span class='ocrx_word' id='word_1_341' title='bbox 1068 2650 1128 2706; x_wconf 91' lang='lat' dir='ltr'><strong>lccc</strong></span> <span class='ocrx_word' id='word_1_342' title='bbox 1151 2651 1342 2707; x_wconf 88' lang='lat' dir='ltr'><strong>commorando</strong></span> <span class='ocrx_word' id='word_1_343' title='bbox 1368 2652 1526 2720; x_wconf 87' lang='lat' dir='ltr'><strong>lucraretur,</strong></span> <span class='ocrx_word' id='word_1_344' title='bbox 1551 2669 1612 2708; x_wconf 84' lang='lat' dir='ltr'><strong>curu</strong></span> <span class='ocrx_word' id='word_1_345' title='bbox 1630 2655 1712 2715; x_wconf 77' lang='lat' dir='ltr'><strong>seint</strong></span> 
     </span>
     <span class='ocr_line' id='line_1_28' title="bbox 102 2729 1710 2815; baseline -0.001 -14"><span class='ocrx_word' id='word_1_346' title='bbox 102 2744 162 2801; x_wconf 80' lang='lat' dir='ltr'><strong>uus</strong></span> <span class='ocrx_word' id='word_1_347' title='bbox 182 2743 308 2814; x_wconf 83' lang='lat' dir='ltr'><strong>allabilis,</strong></span> <span class='ocrx_word' id='word_1_348' title='bbox 322 2745 450 2815; x_wconf 85' lang='lat' dir='ltr'><strong>quatinus</strong></span> <span class='ocrx_word' id='word_1_349' title='bbox 470 2760 580 2802; x_wconf 85' lang='lat' dir='ltr'><strong>sucrum</strong></span> <span class='ocrx_word' id='word_1_350' title='bbox 606 2746 798 2802; x_wconf 75' lang='lat' dir='ltr'><strong>mediocritate</strong></span> <span class='ocrx_word' id='word_1_351' title='bbox 819 2760 872 2803; x_wconf 80' lang='lat' dir='ltr'><strong>too</strong></span> <span class='ocrx_word' id='word_1_352' title='bbox 927 2741 1258 2809; x_wconf 73' lang='lat' dir='ltr'><strong>multaspeuteecmcitate</strong></span> <span class='ocrx_word' id='word_1_353' title='bbox 1270 2742 1615 2813; x_wconf 89' lang='lat' dir='ltr'><strong>suierrctisirretiri,quas</strong></span> <span class='ocrx_word' id='word_1_354' title='bbox 1628 2729 1710 2814; x_wconf 81' lang='lat' dir='ltr'><strong>opor·</strong></span> 
     </span>
     <span class='ocr_line' id='line_1_29' title="bbox 102 2828 1710 2907; baseline 0.006 -25"><span class='ocrx_word' id='word_1_355' title='bbox 102 2852 160 2906; x_wconf 67' lang='lat' dir='ltr'><strong>roei,</strong></span> <span class='ocrx_word' id='word_1_356' title='bbox 175 2837 233 2893; x_wconf 77' lang='lat' dir='ltr'><strong>etro</strong></span> <span class='ocrx_word' id='word_1_357' title='bbox 239 2835 406 2907; x_wconf 69' lang='lat' dir='ltr'><strong>jocunditate</strong></span> <span class='ocrx_word' id='word_1_358' title='bbox 414 2852 567 2894; x_wconf 75' lang='lat' dir='ltr'><strong>eet-meeum</strong></span> <span class='ocrx_word' id='word_1_359' title='bbox 581 2839 608 2894; x_wconf 77' lang='lat' dir='ltr'><strong>io</strong></span> <span class='ocrx_word' id='word_1_360' title='bbox 621 2854 697 2894; x_wconf 66' lang='lat' dir='ltr'><strong>erem</strong></span> <span class='ocrx_word' id='word_1_361' title='bbox 709 2853 802 2895; x_wconf 63' lang='lat' dir='ltr'><strong>omnes</strong></span> <span class='ocrx_word' id='word_1_362' title='bbox 814 2839 873 2893; x_wconf 71' lang='lat' dir='ltr'><strong>etti.</strong></span> <span class='ocrx_word' id='word_1_363' title='bbox 927 2835 998 2884; x_wconf 87' lang='lat' dir='ltr'><strong>teret</strong></span> <span class='ocrx_word' id='word_1_364' title='bbox 1010 2828 1154 2885; x_wconf 71' lang='lat' dir='ltr'><strong>bonitium</strong></span> <span class='ocrx_word' id='word_1_365' title='bbox 1166 2830 1295 2886; x_wconf 82' lang='lat' dir='ltr'><strong>claritatis</strong></span> <span class='ocrx_word' id='word_1_366' title='bbox 1308 2830 1410 2900; x_wconf 76' lang='lat' dir='ltr'><strong>itthcre</strong></span> <span class='ocrx_word' id='word_1_367' title='bbox 1422 2831 1558 2898; x_wconf 84' lang='lat' dir='ltr'><strong>irradiati;</strong></span> <span class='ocrx_word' id='word_1_368' title='bbox 1571 2834 1655 2890; x_wconf 86' lang='lat' dir='ltr'><strong>visum</strong></span> <span class='ocrx_word' id='word_1_369' title='bbox 1668 2843 1710 2891; x_wconf 89' lang='lat' dir='ltr'><strong>eet</strong></span> 
     </span>
     <span class='ocr_line' id='line_1_30' title="bbox 99 2920 1715 2999; baseline 0.001 -18"><span class='ocrx_word' id='word_1_370' title='bbox 99 2936 165 2984; x_wconf 82' lang='lat' dir='ltr'><strong>cerci</strong></span> <span class='ocrx_word' id='word_1_371' title='bbox 184 2928 334 2984; x_wconf 65' lang='lat' dir='ltr'><strong>celestium</strong></span> <span class='ocrx_word' id='word_1_372' title='bbox 349 2926 518 2999; x_wconf 78' lang='lat' dir='ltr'><strong>gaudiorum.</strong></span> <span class='ocrx_word' id='word_1_373' title='bbox 531 2927 664 2998; x_wconf 75' lang='lat' dir='ltr'><strong>Cognovit</strong></span> <span class='ocrx_word' id='word_1_374' title='bbox 677 2939 766 2985; x_wconf 87' lang='lat' dir='ltr'><strong>autem</strong></span> <span class='ocrx_word' id='word_1_375' title='bbox 779 2929 874 2998; x_wconf 64' lang='lat' dir='ltr'><strong>prote.</strong></span> <span class='ocrx_word' id='word_1_376' title='bbox 927 2921 952 2978; x_wconf 91' lang='lat' dir='ltr'><strong>ci</strong></span> <span class='ocrx_word' id='word_1_377' title='bbox 972 2920 1070 2976; x_wconf 80' lang='lat' dir='ltr'><strong>Gbristi</strong></span> <span class='ocrx_word' id='word_1_378' title='bbox 1091 2920 1228 2975; x_wconf 86' lang='lat' dir='ltr'><strong>lucernum</strong></span> <span class='ocrx_word' id='word_1_379' title='bbox 1253 2922 1337 2976; x_wconf 91' lang='lat' dir='ltr'><strong>sancti</strong></span> <span class='ocrx_word' id='word_1_380' title='bbox 1361 2922 1477 2992; x_wconf 79' lang='lat' dir='ltr'><strong>spiritus</strong></span> <span class='ocrx_word' id='word_1_381' title='bbox 1499 2922 1621 2993; x_wconf 86' lang='lat' dir='ltr'><strong>lampade</strong></span> <span class='ocrx_word' id='word_1_382' title='bbox 1640 2926 1666 2980; x_wconf 88' lang='lat' dir='ltr'><strong>itt</strong></span> <span class='ocrx_word' id='word_1_383' title='bbox 1680 2943 1715 2984; x_wconf 82' lang='lat' dir='ltr'><strong>se</strong></span> 
     </span>
     <span class='ocr_line' id='line_1_31' title="bbox 100 3008 1717 3088; baseline -0.001 -15"><span class='ocrx_word' id='word_1_384' title='bbox 100 3027 136 3073; x_wconf 80' lang='lat' dir='ltr'><strong>tot</strong></span> <span class='ocrx_word' id='word_1_385' title='bbox 147 3016 189 3074; x_wconf 61' lang='lat' dir='ltr'><strong>fis</strong></span> <span class='ocrx_word' id='word_1_386' title='bbox 201 3012 381 3074; x_wconf 78' lang='lat' dir='ltr'><strong>muttdialibttt</strong></span> <span class='ocrx_word' id='word_1_387' title='bbox 396 3019 525 3088; x_wconf 84' lang='lat' dir='ltr'><strong>potentiis</strong></span> <span class='ocrx_word' id='word_1_388' title='bbox 538 3023 670 3075; x_wconf 87' lang='lat' dir='ltr'><strong>tumentia</strong></span> <span class='ocrx_word' id='word_1_389' title='bbox 692 3034 785 3074; x_wconf 88' lang='lat' dir='ltr'><strong>ecruut</strong></span> <span class='ocrx_word' id='word_1_390' title='bbox 804 3021 887 3076; x_wconf 62' lang='lat' dir='ltr'><strong>collav</strong></span> <span class='ocrx_word' id='word_1_391' title='bbox 927 3024 1069 3067; x_wconf 55' lang='lat' dir='ltr'><strong>mettum</strong></span> <span class='ocrx_word' id='word_1_392' title='bbox 1088 3008 1194 3080; x_wconf 67' lang='lat' dir='ltr'><strong>diunius</strong></span> <span class='ocrx_word' id='word_1_393' title='bbox 1206 3024 1267 3067; x_wconf 78' lang='lat' dir='ltr'><strong>esse</strong></span> <span class='ocrx_word' id='word_1_394' title='bbox 1288 3025 1368 3080; x_wconf 82' lang='lat' dir='ltr'><strong>super</strong></span> <span class='ocrx_word' id='word_1_395' title='bbox 1388 3010 1579 3067; x_wconf 83' lang='lat' dir='ltr'><strong>cattdelabrutu</strong></span> <span class='ocrx_word' id='word_1_396' title='bbox 1592 3015 1667 3084; x_wconf 81' lang='lat' dir='ltr'><strong>poni,</strong></span> <span class='ocrx_word' id='word_1_397' title='bbox 1682 3027 1717 3071; x_wconf 80' lang='lat' dir='ltr'><strong>ut</strong></span> 
     </span>
     <span class='ocr_line' id='line_1_32' title="bbox 99 3074 1715 3179; baseline -0.001 -16"><span class='ocrx_word' id='word_1_398' title='bbox 99 3106 243 3164; x_wconf 71' lang='lat' dir='ltr'><strong>nummu</strong></span> <span class='ocrx_word' id='word_1_399' title='bbox 267 3105 303 3163; x_wconf 88' lang='lat' dir='ltr'><strong>ad</strong></span> <span class='ocrx_word' id='word_1_400' title='bbox 326 3105 488 3167; x_wconf 76' lang='lat' dir='ltr'><strong>consume</strong></span> <span class='ocrx_word' id='word_1_401' title='bbox 520 3108 658 3178; x_wconf 75' lang='lat' dir='ltr'><strong>rclipinuis</strong></span> <span class='ocrx_word' id='word_1_402' title='bbox 684 3074 911 3179; x_wconf 84' lang='lat' dir='ltr'><strong>perlectionemc</strong></span> <span class='ocrx_word' id='word_1_403' title='bbox 926 3101 1060 3172; x_wconf 77' lang='lat' dir='ltr'><strong>profusius</strong></span> <span class='ocrx_word' id='word_1_404' title='bbox 1083 3101 1117 3157; x_wconf 90' lang='lat' dir='ltr'><strong>ad</strong></span> <span class='ocrx_word' id='word_1_405' title='bbox 1139 3101 1253 3156; x_wconf 86' lang='lat' dir='ltr'><strong>salutem</strong></span> <span class='ocrx_word' id='word_1_406' title='bbox 1274 3088 1447 3172; x_wconf 82' lang='lat' dir='ltr'><strong>plurimorum</strong></span> <span class='ocrx_word' id='word_1_407' title='bbox 1461 3102 1622 3159; x_wconf 82' lang='lat' dir='ltr'><strong>claresceret</strong></span> <span class='ocrx_word' id='word_1_408' title='bbox 1634 3115 1662 3161; x_wconf 92' lang='lat' dir='ltr'><strong>et</strong></span> <span class='ocrx_word' id='word_1_409' title='bbox 1675 3107 1715 3161; x_wconf 82' lang='lat' dir='ltr'><strong>ati-</strong></span> 
     </span>
     <span class='ocr_line' id='line_1_33' title="bbox 99 3193 1714 3271; baseline -0.001 -17"><span class='ocrx_word' id='word_1_410' title='bbox 99 3198 330 3265; x_wconf 68' lang='lat' dir='ltr'><strong>talaiuercdecti,</strong></span> <span class='ocrx_word' id='word_1_411' title='bbox 353 3198 405 3256; x_wconf 89' lang='lat' dir='ltr'><strong>uisi</strong></span> <span class='ocrx_word' id='word_1_412' title='bbox 422 3214 472 3270; x_wconf 90' lang='lat' dir='ltr'><strong>per</strong></span> <span class='ocrx_word' id='word_1_413' title='bbox 490 3201 722 3256; x_wconf 72' lang='lat' dir='ltr'><strong>mansuetissime</strong></span> <span class='ocrx_word' id='word_1_414' title='bbox 734 3216 804 3256; x_wconf 77' lang='lat' dir='ltr'><strong>verre</strong></span> <span class='ocrx_word' id='word_1_415' title='bbox 818 3201 870 3271; x_wconf 79' lang='lat' dir='ltr'><strong>pie</strong></span> <span class='ocrx_word' id='word_1_416' title='bbox 924 3194 1101 3251; x_wconf 84' lang='lat' dir='ltr'><strong>lucidissimas</strong></span> <span class='ocrx_word' id='word_1_417' title='bbox 1126 3193 1244 3250; x_wconf 85' lang='lat' dir='ltr'><strong>coelestis</strong></span> <span class='ocrx_word' id='word_1_418' title='bbox 1269 3195 1335 3267; x_wconf 46' lang='lat' dir='ltr'><strong>titre,</strong></span> <span class='ocrx_word' id='word_1_419' title='bbox 1354 3194 1510 3257; x_wconf 86' lang='lat' dir='ltr'><strong>mansiones</strong></span> <span class='ocrx_word' id='word_1_420' title='bbox 1537 3193 1714 3265; x_wconf 84' lang='lat' dir='ltr'><strong>perduceret..</strong></span> 
     </span>
     <span class='ocr_line' id='line_1_34' title="bbox 101 3282 1708 3360; baseline -0.002 -19"><span class='ocrx_word' id='word_1_421' title='bbox 101 3288 154 3346; x_wconf 86' lang='lat' dir='ltr'><strong>tatis</strong></span> <span class='ocrx_word' id='word_1_422' title='bbox 177 3286 390 3346; x_wconf 75' lang='lat' dir='ltr'><strong>admonitiones.</strong></span> <span class='ocrx_word' id='word_1_423' title='bbox 418 3288 578 3359; x_wconf 74' lang='lat' dir='ltr'><strong>Apostolica</strong></span> <span class='ocrx_word' id='word_1_424' title='bbox 601 3291 717 3345; x_wconf 80' lang='lat' dir='ltr'><strong>imbutus</strong></span> <span class='ocrx_word' id='word_1_425' title='bbox 741 3289 874 3360; x_wconf 85' lang='lat' dir='ltr'><strong>doctrina,</strong></span> <span class='ocrx_word' id='word_1_426' title='bbox 923 3283 989 3339; x_wconf 87' lang='lat' dir='ltr'><strong>Cum</strong></span> <span class='ocrx_word' id='word_1_427' title='bbox 1014 3285 1111 3341; x_wconf 90' lang='lat' dir='ltr'><strong>talibus</strong></span> <span class='ocrx_word' id='word_1_428' title='bbox 1125 3285 1215 3355; x_wconf 88' lang='lat' dir='ltr'><strong>itaque</strong></span> <span class='ocrx_word' id='word_1_429' title='bbox 1231 3284 1303 3340; x_wconf 87' lang='lat' dir='ltr'><strong>curis</strong></span> <span class='ocrx_word' id='word_1_430' title='bbox 1322 3282 1477 3354; x_wconf 83' lang='lat' dir='ltr'><strong>fluctuaret,</strong></span> <span class='ocrx_word' id='word_1_431' title='bbox 1489 3286 1708 3358; x_wconf 65' lang='lat' dir='ltr'><strong>[lominnprcti-</strong></span> 
     </span>
     <span class='ocr_line' id='line_1_35' title="bbox 100 3373 1708 3447; baseline 0.002 -16"><span class='ocrx_word' id='word_1_432' title='bbox 100 3379 213 3437; x_wconf 71' lang='lat' dir='ltr'><strong>cndbue</strong></span> <span class='ocrx_word' id='word_1_433' title='bbox 225 3379 317 3436; x_wconf 79' lang='lat' dir='ltr'><strong>omnia</strong></span> <span class='ocrx_word' id='word_1_434' title='bbox 329 3376 418 3435; x_wconf 68' lang='lat' dir='ltr'><strong>uuus</strong></span> <span class='ocrx_word' id='word_1_435' title='bbox 432 3388 462 3434; x_wconf 88' lang='lat' dir='ltr'><strong>ut</strong></span> <span class='ocrx_word' id='word_1_436' title='bbox 475 3394 572 3436; x_wconf 75' lang='lat' dir='ltr'><strong>oroneo</strong></span> <span class='ocrx_word' id='word_1_437' title='bbox 591 3380 773 3447; x_wconf 78' lang='lat' dir='ltr'><strong>tooriseoeret,</strong></span> <span class='ocrx_word' id='word_1_438' title='bbox 794 3382 874 3436; x_wconf 76' lang='lat' dir='ltr'><strong>nitio·</strong></span> <span class='ocrx_word' id='word_1_439' title='bbox 923 3373 1014 3440; x_wconf 88' lang='lat' dir='ltr'><strong>dente,</strong></span> <span class='ocrx_word' id='word_1_440' title='bbox 1026 3375 1131 3434; x_wconf 85' lang='lat' dir='ltr'><strong>cuidam</strong></span> <span class='ocrx_word' id='word_1_441' title='bbox 1143 3381 1243 3430; x_wconf 72' lang='lat' dir='ltr'><strong>sauctae</strong></span> <span class='ocrx_word' id='word_1_442' title='bbox 1255 3376 1390 3431; x_wconf 77' lang='lat' dir='ltr'><strong>memorius</strong></span> <span class='ocrx_word' id='word_1_443' title='bbox 1399 3376 1589 3435; x_wconf 86' lang='lat' dir='ltr'><strong>archidiacono</strong></span> <span class='ocrx_word' id='word_1_444' title='bbox 1598 3377 1708 3434; x_wconf 82' lang='lat' dir='ltr'><strong>Siluano</strong></span> 
     </span>
     <span class='ocr_line' id='line_1_36' title="bbox 102 3464 1709 3542; baseline -0.004 -15"><span class='ocrx_word' id='word_1_445' title='bbox 102 3484 180 3527; x_wconf 75' lang='lat' dir='ltr'><strong>msc</strong></span> <span class='ocrx_word' id='word_1_446' title='bbox 193 3471 297 3527; x_wconf 86' lang='lat' dir='ltr'><strong>bonore</strong></span> <span class='ocrx_word' id='word_1_447' title='bbox 313 3470 506 3542; x_wconf 70' lang='lat' dir='ltr'><strong>praeveniebat,</strong></span> <span class='ocrx_word' id='word_1_448' title='bbox 530 3470 667 3540; x_wconf 87' lang='lat' dir='ltr'><strong>subjectos</strong></span> <span class='ocrx_word' id='word_1_449' title='bbox 687 3471 738 3526; x_wconf 89' lang='lat' dir='ltr'><strong>sibi</strong></span> <span class='ocrx_word' id='word_1_450' title='bbox 762 3479 875 3541; x_wconf 83' lang='lat' dir='ltr'><strong>paterno</strong></span> <span class='ocrx_word' id='word_1_451' title='bbox 923 3466 1031 3522; x_wconf 88' lang='lat' dir='ltr'><strong>nemine</strong></span> <span class='ocrx_word' id='word_1_452' title='bbox 1052 3464 1203 3521; x_wconf 79' lang='lat' dir='ltr'><strong>inculcabat</strong></span> <span class='ocrx_word' id='word_1_453' title='bbox 1221 3464 1282 3534; x_wconf 85' lang='lat' dir='ltr'><strong>jura</strong></span> <span class='ocrx_word' id='word_1_454' title='bbox 1306 3465 1453 3535; x_wconf 72' lang='lat' dir='ltr'><strong>regiminis,</strong></span> <span class='ocrx_word' id='word_1_455' title='bbox 1473 3480 1510 3522; x_wconf 87' lang='lat' dir='ltr'><strong>ne</strong></span> <span class='ocrx_word' id='word_1_456' title='bbox 1526 3480 1591 3523; x_wconf 85' lang='lat' dir='ltr'><strong>cres</strong></span> <span class='ocrx_word' id='word_1_457' title='bbox 1611 3467 1709 3522; x_wconf 75' lang='lat' dir='ltr'><strong>Cbristi</strong></span> 
     </span>
     <span class='ocr_line' id='line_1_37' title="bbox 99 3557 1709 3632; baseline 0.001 -16"><span class='ocrx_word' id='word_1_458' title='bbox 99 3574 181 3616; x_wconf 72' lang='lat' dir='ltr'><strong>ancre</strong></span> <span class='ocrx_word' id='word_1_459' title='bbox 192 3560 367 3629; x_wconf 85' lang='lat' dir='ltr'><strong>ccnlcrebat,</strong></span> <span class='ocrx_word' id='word_1_460' title='bbox 382 3569 411 3616; x_wconf 95' lang='lat' dir='ltr'><strong>ut</strong></span> <span class='ocrx_word' id='word_1_461' title='bbox 424 3559 605 3617; x_wconf 82' lang='lat' dir='ltr'><strong>latniliaritatc</strong></span> <span class='ocrx_word' id='word_1_462' title='bbox 619 3576 675 3616; x_wconf 76' lang='lat' dir='ltr'><strong>tue</strong></span> <span class='ocrx_word' id='word_1_463' title='bbox 687 3563 874 3618; x_wconf 83' lang='lat' dir='ltr'><strong>ccttuersatin·</strong></span> <span class='ocrx_word' id='word_1_464' title='bbox 922 3557 982 3613; x_wconf 91' lang='lat' dir='ltr'><strong>sine</strong></span> <span class='ocrx_word' id='word_1_465' title='bbox 999 3564 1105 3614; x_wconf 88' lang='lat' dir='ltr'><strong>rectore</strong></span> <span class='ocrx_word' id='word_1_466' title='bbox 1117 3565 1227 3624; x_wconf 84' lang='lat' dir='ltr'><strong>essem,</strong></span> <span class='ocrx_word' id='word_1_467' title='bbox 1236 3557 1353 3628; x_wconf 80' lang='lat' dir='ltr'><strong>quandiu</strong></span> <span class='ocrx_word' id='word_1_468' title='bbox 1365 3558 1424 3629; x_wconf 85' lang='lat' dir='ltr'><strong>ipse</strong></span> <span class='ocrx_word' id='word_1_469' title='bbox 1442 3566 1532 3626; x_wconf 87' lang='lat' dir='ltr'><strong>pastor</strong></span> <span class='ocrx_word' id='word_1_470' title='bbox 1544 3574 1595 3632; x_wconf 89' lang='lat' dir='ltr'><strong>pru</strong></span> <span class='ocrx_word' id='word_1_471' title='bbox 1606 3560 1709 3617; x_wconf 89' lang='lat' dir='ltr'><strong>alendis</strong></span> 
     </span>
     <span class='ocr_line' id='line_1_38' title="bbox 97 3647 1708 3723; baseline 0.003 -18"><span class='ocrx_word' id='word_1_472' title='bbox 97 3650 133 3706; x_wconf 87' lang='lat' dir='ltr'><strong>tir</strong></span> <span class='ocrx_word' id='word_1_473' title='bbox 143 3651 292 3722; x_wconf 83' lang='lat' dir='ltr'><strong>promptius</strong></span> <span class='ocrx_word' id='word_1_474' title='bbox 304 3652 388 3708; x_wconf 84' lang='lat' dir='ltr'><strong>rerbc</strong></span> <span class='ocrx_word' id='word_1_475' title='bbox 402 3653 464 3708; x_wconf 79' lang='lat' dir='ltr'><strong>vitm</strong></span> <span class='ocrx_word' id='word_1_476' title='bbox 476 3652 596 3708; x_wconf 90' lang='lat' dir='ltr'><strong>omnium</strong></span> <span class='ocrx_word' id='word_1_477' title='bbox 611 3653 693 3708; x_wconf 90' lang='lat' dir='ltr'><strong>corda</strong></span> <span class='ocrx_word' id='word_1_478' title='bbox 709 3652 872 3710; x_wconf 84' lang='lat' dir='ltr'><strong>inbtnderet.</strong></span> <span class='ocrx_word' id='word_1_479' title='bbox 923 3649 1017 3704; x_wconf 85' lang='lat' dir='ltr'><strong>oribus</strong></span> <span class='ocrx_word' id='word_1_480' title='bbox 1039 3663 1087 3718; x_wconf 90' lang='lat' dir='ltr'><strong>per</strong></span> <span class='ocrx_word' id='word_1_481' title='bbox 1106 3658 1214 3705; x_wconf 83' lang='lat' dir='ltr'><strong>exteras</strong></span> <span class='ocrx_word' id='word_1_482' title='bbox 1236 3648 1375 3706; x_wconf 85' lang='lat' dir='ltr'><strong>nationum</strong></span> <span class='ocrx_word' id='word_1_483' title='bbox 1397 3647 1563 3707; x_wconf 82' lang='lat' dir='ltr'><strong>diuersarum</strong></span> <span class='ocrx_word' id='word_1_484' title='bbox 1583 3652 1708 3723; x_wconf 73' lang='lat' dir='ltr'><strong>rationes</strong></span> 
     </span>
     <span class='ocr_line' id='line_1_39' title="bbox 96 3739 1266 3815; baseline -0.002 -18"><span class='ocrx_word' id='word_1_485' title='bbox 96 3739 153 3798; x_wconf 71' lang='lat' dir='ltr'><strong>bat</strong></span> <span class='ocrx_word' id='word_1_486' title='bbox 174 3750 265 3800; x_wconf 82' lang='lat' dir='ltr'><strong>autem</strong></span> <span class='ocrx_word' id='word_1_487' title='bbox 280 3743 322 3799; x_wconf 81' lang='lat' dir='ltr'><strong>sir</strong></span> <span class='ocrx_word' id='word_1_488' title='bbox 336 3742 385 3799; x_wconf 83' lang='lat' dir='ltr'><strong>bei</strong></span> <span class='ocrx_word' id='word_1_489' title='bbox 410 3745 498 3811; x_wconf 82' lang='lat' dir='ltr'><strong>uultu,</strong></span> <span class='ocrx_word' id='word_1_490' title='bbox 519 3754 595 3814; x_wconf 89' lang='lat' dir='ltr'><strong>actu,</strong></span> <span class='ocrx_word' id='word_1_491' title='bbox 617 3744 719 3812; x_wconf 93' lang='lat' dir='ltr'><strong>babitu,</strong></span> <span class='ocrx_word' id='word_1_492' title='bbox 746 3746 874 3815; x_wconf 83' lang='lat' dir='ltr'><strong>omnique</strong></span> <span class='ocrx_word' id='word_1_493' title='bbox 913 3739 1266 3812; x_wconf 77' lang='lat' dir='ltr'><strong>predimndniortoitoret.</strong></span> 
     </span>
     <span class='ocr_line' id='line_1_40' title="bbox 93 3828 1707 3908; baseline 0.008 -19"><span class='ocrx_word' id='word_1_494' title='bbox 93 3832 223 3903; x_wconf 66' lang='lat' dir='ltr'><strong>camerali</strong></span> <span class='ocrx_word' id='word_1_495' title='bbox 244 3834 326 3890; x_wconf 89' lang='lat' dir='ltr'><strong>modo</strong></span> <span class='ocrx_word' id='word_1_496' title='bbox 349 3835 409 3902; x_wconf 90' lang='lat' dir='ltr'><strong>pari</strong></span> <span class='ocrx_word' id='word_1_497' title='bbox 422 3834 610 3893; x_wconf 80' lang='lat' dir='ltr'><strong>convenientia</strong></span> <span class='ocrx_word' id='word_1_498' title='bbox 622 3837 793 3908; x_wconf 87' lang='lat' dir='ltr'><strong>coaptabilis,</strong></span> <span class='ocrx_word' id='word_1_499' title='bbox 807 3852 876 3906; x_wconf 81' lang='lat' dir='ltr'><strong>prc-</strong></span> <span class='ocrx_word' id='word_1_500' title='bbox 957 3828 1002 3885; x_wconf 67' lang='grc'><strong>99·</strong></span> <span class='ocrx_word' id='word_1_501' title='bbox 1021 3828 1056 3885; x_wconf 72' lang='lat' dir='ltr'><em>h</em></span> <span class='ocrx_word' id='word_1_502' title='bbox 1074 3831 1228 3887; x_wconf 54' lang='lat' dir='ltr'><strong>mvltvm</strong></span> <span class='ocrx_word' id='word_1_503' title='bbox 1246 3830 1369 3888; x_wconf 61' lang='lat' dir='ltr'><strong>Geumi</strong></span> <span class='ocrx_word' id='word_1_504' title='bbox 1391 3835 1529 3902; x_wconf 59' lang='lat' dir='ltr'><strong>eoeillimi-</strong></span> <span class='ocrx_word' id='word_1_505' title='bbox 1550 3832 1619 3890; x_wconf 70' lang='lat' dir='ltr'><strong>Cum</strong></span> <span class='ocrx_word' id='word_1_506' title='bbox 1642 3851 1707 3891; x_wconf 67' lang='lat'><strong>&#39;⁰¹0</strong></span> 
     </span>
     <span class='ocr_line' id='line_1_41' title="bbox 91 3921 1720 3999; baseline 0.001 -21"><span class='ocrx_word' id='word_1_507' title='bbox 91 3924 177 3980; x_wconf 78' lang='lat' dir='ltr'><strong>duodo</strong></span> <span class='ocrx_word' id='word_1_508' title='bbox 185 3924 290 3983; x_wconf 72' lang='lat' dir='ltr'><strong>solimet</strong></span> <span class='ocrx_word' id='word_1_509' title='bbox 302 3926 432 3983; x_wconf 81' lang='lat' dir='ltr'><strong>membris</strong></span> <span class='ocrx_word' id='word_1_510' title='bbox 442 3936 470 3983; x_wconf 89' lang='lat' dir='ltr'><strong>et</strong></span> <span class='ocrx_word' id='word_1_511' title='bbox 482 3928 636 3997; x_wconf 83' lang='lat' dir='ltr'><strong>subtilibus,</strong></span> <span class='ocrx_word' id='word_1_512' title='bbox 649 3928 793 3985; x_wconf 75' lang='lat' dir='ltr'><strong>medriocri</strong></span> <span class='ocrx_word' id='word_1_513' title='bbox 805 3944 873 3999; x_wconf 89' lang='lat' dir='ltr'><strong>quc·</strong></span> <span class='ocrx_word' id='word_1_514' title='bbox 924 3921 1036 3992; x_wconf 88' lang='lat' dir='ltr'><strong>plurima</strong></span> <span class='ocrx_word' id='word_1_515' title='bbox 1062 3922 1251 3990; x_wconf 86' lang='lat' dir='ltr'><strong>perlustrasset</strong></span> <span class='ocrx_word' id='word_1_516' title='bbox 1273 3923 1331 3980; x_wconf 89' lang='lat' dir='ltr'><strong>loca</strong></span> <span class='ocrx_word' id='word_1_517' title='bbox 1353 3922 1436 3979; x_wconf 82' lang='lat' dir='ltr'><strong>diuini</strong></span> <span class='ocrx_word' id='word_1_518' title='bbox 1456 3923 1584 3993; x_wconf 72' lang='lat' dir='ltr'><strong>eominus</strong></span> <span class='ocrx_word' id='word_1_519' title='bbox 1603 3926 1720 3986; x_wconf 47' lang='lat' dir='ltr'><strong>senior,</strong></span> 
     </span>
     <span class='ocr_line' id='line_1_42' title="bbox 89 4009 1720 4093; baseline 0.004 -29"><span class='ocrx_word' id='word_1_520' title='bbox 89 4026 141 4082; x_wconf 84' lang='lat' dir='ltr'><strong>qne</strong></span> <span class='ocrx_word' id='word_1_521' title='bbox 151 4013 314 4084; x_wconf 75' lang='lat' dir='ltr'><strong>proceritate</strong></span> <span class='ocrx_word' id='word_1_522' title='bbox 327 4015 462 4083; x_wconf 72' lang='lat' dir='ltr'><strong>emittent,</strong></span> <span class='ocrx_word' id='word_1_523' title='bbox 475 4017 565 4087; x_wconf 70' lang='lat' dir='ltr'><strong>eapite</strong></span> <span class='ocrx_word' id='word_1_524' title='bbox 576 4017 683 4086; x_wconf 69' lang='lat' dir='ltr'><strong>goetici,</strong></span> <span class='ocrx_word' id='word_1_525' title='bbox 697 4018 801 4088; x_wconf 75' lang='lat' dir='ltr'><strong>eoptttio</strong></span> <span class='ocrx_word' id='word_1_526' title='bbox 821 4018 872 4073; x_wconf 69' lang='lat' dir='ltr'><strong>qe.</strong></span> <span class='ocrx_word' id='word_1_527' title='bbox 923 4009 1083 4080; x_wconf 70' lang='lat' dir='ltr'><strong>spargendo,</strong></span> <span class='ocrx_word' id='word_1_528' title='bbox 1095 4009 1271 4064; x_wconf 79' lang='lat' dir='ltr'><strong>daemcttia&#39;ab</strong></span> <span class='ocrx_word' id='word_1_529' title='bbox 1280 4011 1396 4066; x_wconf 87' lang='lat' dir='ltr'><strong>obsessis</strong></span> <span class='ocrx_word' id='word_1_530' title='bbox 1404 4011 1561 4093; x_wconf 85' lang='lat' dir='ltr'><strong>corporibus</strong></span> <span class='ocrx_word' id='word_1_531' title='bbox 1570 4012 1720 4081; x_wconf 79' lang='lat' dir='ltr'><strong>pellendo,¹</strong></span> 
     </span>
     <span class='ocr_line' id='line_1_43' title="bbox 89 4099 1713 4173; baseline -0.002 -19"><span class='ocrx_word' id='word_1_532' title='bbox 89 4103 178 4159; x_wconf 78' lang='lat' dir='ltr'><strong>viset</strong></span> <span class='ocrx_word' id='word_1_533' title='bbox 204 4101 300 4173; x_wconf 82' lang='lat' dir='ltr'><strong>planis,</strong></span> <span class='ocrx_word' id='word_1_534' title='bbox 322 4104 477 4160; x_wconf 79' lang='lat' dir='ltr'><strong>commixtis</strong></span> <span class='ocrx_word' id='word_1_535' title='bbox 496 4107 571 4162; x_wconf 78' lang='lat' dir='ltr'><strong>oeoie</strong></span> <span class='ocrx_word' id='word_1_536' title='bbox 594 4116 623 4161; x_wconf 86' lang='lat' dir='ltr'><strong>et</strong></span> <span class='ocrx_word' id='word_1_537' title='bbox 647 4107 726 4162; x_wconf 80' lang='lat' dir='ltr'><strong>votde</strong></span> <span class='ocrx_word' id='word_1_538' title='bbox 752 4108 822 4163; x_wconf 75' lang='lat' dir='ltr'><strong>roris</strong></span> <span class='ocrx_word' id='word_1_539' title='bbox 846 4108 876 4163; x_wconf 78' lang='lat' dir='ltr'><strong>io</strong></span> <span class='ocrx_word' id='word_1_540' title='bbox 922 4106 951 4155; x_wconf 88' lang='lat' dir='ltr'><strong>et</strong></span> <span class='ocrx_word' id='word_1_541' title='bbox 970 4099 1115 4155; x_wconf 86' lang='lat' dir='ltr'><strong>multotum</strong></span> <span class='ocrx_word' id='word_1_542' title='bbox 1129 4099 1314 4168; x_wconf 65' lang='lat' dir='ltr'><strong>spectantium</strong></span> <span class='ocrx_word' id='word_1_543' title='bbox 1335 4115 1448 4171; x_wconf 77' lang='lat' dir='ltr'><strong>cut-pora</strong></span> <span class='ocrx_word' id='word_1_544' title='bbox 1463 4099 1593 4164; x_wconf 76' lang='lat' dir='ltr'><strong>moaudc,</strong></span> <span class='ocrx_word' id='word_1_545' title='bbox 1607 4117 1713 4162; x_wconf 47' lang='lat' dir='ltr'><strong>concep.</strong></span> 
     </span>
     <span class='ocr_line' id='line_1_44' title="bbox 88 4188 1714 4266; baseline 0.004 -21"><span class='ocrx_word' id='word_1_546' title='bbox 88 4190 276 4258; x_wconf 79' lang='lat' dir='ltr'><strong>boote,aures</strong></span> <span class='ocrx_word' id='word_1_547' title='bbox 286 4191 356 4248; x_wconf 83' lang='lat' dir='ltr'><strong>latas</strong></span> <span class='ocrx_word' id='word_1_548' title='bbox 370 4193 473 4250; x_wconf 87' lang='lat' dir='ltr'><strong>babens</strong></span> <span class='ocrx_word' id='word_1_549' title='bbox 483 4203 512 4250; x_wconf 87' lang='lat' dir='ltr'><strong>et</strong></span> <span class='ocrx_word' id='word_1_550' title='bbox 524 4203 666 4264; x_wconf 80' lang='lat' dir='ltr'><strong>extensas,</strong></span> <span class='ocrx_word' id='word_1_551' title='bbox 677 4197 771 4252; x_wconf 88' lang='lat' dir='ltr'><strong>oculos</strong></span> <span class='ocrx_word' id='word_1_552' title='bbox 785 4198 873 4266; x_wconf 84' lang='lat' dir='ltr'><strong>peroi-</strong></span> <span class='ocrx_word' id='word_1_553' title='bbox 890 4216 893 4223; x_wconf 94' lang='lat'>·</span> <span class='ocrx_word' id='word_1_554' title='bbox 922 4188 963 4247; x_wconf 88' lang='lat' dir='ltr'><strong>nit</strong></span> <span class='ocrx_word' id='word_1_555' title='bbox 975 4205 1035 4246; x_wconf 88' lang='lat' dir='ltr'><strong>cunt</strong></span> <span class='ocrx_word' id='word_1_556' title='bbox 1049 4189 1187 4261; x_wconf 76' lang='lat' dir='ltr'><strong>(decipulis</strong></span> <span class='ocrx_word' id='word_1_557' title='bbox 1199 4189 1253 4246; x_wconf 90' lang='lat' dir='ltr'><strong>suis</strong></span> <span class='ocrx_word' id='word_1_558' title='bbox 1265 4189 1299 4245; x_wconf 91' lang='lat' dir='ltr'><strong>atl</strong></span> <span class='ocrx_word' id='word_1_559' title='bbox 1318 4191 1452 4260; x_wconf 85' lang='lat' dir='ltr'><strong>quoddam</strong></span> <span class='ocrx_word' id='word_1_560' title='bbox 1467 4193 1714 4255; x_wconf 78' lang='lat' dir='ltr'><strong>coettcbiuroarito.</strong></span> 
     </span>
     <span class='ocr_line' id='line_1_45' title="bbox 84 4280 1707 4363; baseline 0.001 -25"><span class='ocrx_word' id='word_1_561' title='bbox 84 4283 155 4351; x_wconf 74' lang='lat' dir='ltr'><strong>otte·</strong></span> <span class='ocrx_word' id='word_1_562' title='bbox 166 4293 199 4363; x_wconf 86' lang='lat' dir='ltr'><strong>¹et</strong></span> <span class='ocrx_word' id='word_1_563' title='bbox 210 4285 298 4354; x_wconf 68' lang='lat' dir='ltr'><strong>hece,</strong></span> <span class='ocrx_word' id='word_1_564' title='bbox 310 4287 383 4343; x_wconf 79' lang='lat' dir='ltr'><strong>hirta</strong></span> <span class='ocrx_word' id='word_1_565' title='bbox 395 4289 541 4358; x_wconf 73' lang='lat' dir='ltr'><strong>supercilio</strong></span> <span class='ocrx_word' id='word_1_566' title='bbox 551 4298 579 4346; x_wconf 86' lang='lat' dir='ltr'><strong>et</strong></span> <span class='ocrx_word' id='word_1_567' title='bbox 590 4303 658 4346; x_wconf 74' lang='lat' dir='ltr'><strong>eoos</strong></span> <span class='ocrx_word' id='word_1_568' title='bbox 672 4296 700 4344; x_wconf 85' lang='lat' dir='ltr'><strong>et</strong></span> <span class='ocrx_word' id='word_1_569' title='bbox 713 4289 788 4345; x_wconf 77' lang='lat' dir='ltr'><strong>eirea</strong></span> <span class='ocrx_word' id='word_1_570' title='bbox 798 4290 873 4345; x_wconf 81' lang='lat' dir='ltr'><strong>troo·</strong></span> <span class='ocrx_word' id='word_1_571' title='bbox 923 4281 1057 4338; x_wconf 88' lang='lat' dir='ltr'><strong>rccabulc</strong></span> <span class='ocrx_word' id='word_1_572' title='bbox 1078 4280 1232 4337; x_wconf 85' lang='lat' dir='ltr'><strong>Gandavum</strong></span> <span class='ocrx_word' id='word_1_573' title='bbox 1247 4288 1260 4318; x_wconf 81' lang='lat'>⁸</span> <span class='ocrx_word' id='word_1_574' title='bbox 1275 4280 1458 4348; x_wconf 83' lang='lat' dir='ltr'><strong>nominatum,</strong></span> <span class='ocrx_word' id='word_1_575' title='bbox 1473 4280 1594 4352; x_wconf 75' lang='lat' dir='ltr'><strong>quode.</strong></span> <span class='ocrx_word' id='word_1_576' title='bbox 1607 4284 1707 4340; x_wconf 75' lang='lat' dir='ltr'><strong>brucu-</strong></span> 
     </span>
     <span class='ocr_line' id='line_1_46' title="bbox 85 4369 1710 4471; baseline 0.002 -44"><span class='ocrx_word' id='word_1_577' title='bbox 85 4384 143 4430; x_wconf 81' lang='lat' dir='ltr'><strong>tcta</strong></span> <span class='ocrx_word' id='word_1_578' title='bbox 175 4383 204 4432; x_wconf 83' lang='lat' dir='ltr'><strong>et</strong></span> <span class='ocrx_word' id='word_1_579' title='bbox 226 4384 370 4447; x_wconf 73' lang='lat' dir='ltr'><strong>tempora3</strong></span> <span class='ocrx_word' id='word_1_580' title='bbox 402 4379 617 4437; x_wconf 64' lang='lat' dir='ltr'><strong>mocideeimeto</strong></span> <span class='ocrx_word' id='word_1_581' title='bbox 647 4391 738 4437; x_wconf 71' lang='lat' dir='ltr'><strong>oeteo</strong></span> <span class='ocrx_word' id='word_1_582' title='bbox 765 4395 871 4451; x_wconf 67' lang='lat' dir='ltr'><strong>gereni,</strong></span> <span class='ocrx_word' id='word_1_583' title='bbox 885 4372 973 4471; x_wconf 50' lang='grc' dir='ltr'><strong>Ι,ιιιιι</strong></span> <span class='ocrx_word' id='word_1_584' title='bbox 982 4371 1101 4444; x_wconf 82' lang='lat' dir='ltr'><strong>pontiier</strong></span> <span class='ocrx_word' id='word_1_585' title='bbox 1115 4369 1267 4440; x_wconf 81' lang='lat' dir='ltr'><strong>exstirpatis</strong></span> <span class='ocrx_word' id='word_1_586' title='bbox 1279 4371 1418 4441; x_wconf 70' lang='lat' dir='ltr'><strong>gentilium</strong></span> <span class='ocrx_word' id='word_1_587' title='bbox 1431 4373 1576 4434; x_wconf 71' lang='lat' dir='ltr'><strong>lanisieeit</strong></span> <span class='ocrx_word' id='word_1_588' title='bbox 1589 4375 1710 4442; x_wconf 77' lang='lat' dir='ltr'><strong>tardati,</strong></span> 
     </span>
     <span class='ocr_line' id='line_1_47' title="bbox 83 4459 1704 4540; baseline 0.003 -24"><span class='ocrx_word' id='word_1_589' title='bbox 83 4479 171 4534; x_wconf 65' lang='lat' dir='ltr'><strong>gata</strong></span> <span class='ocrx_word' id='word_1_590' title='bbox 189 4474 295 4537; x_wconf 85' lang='lat' dir='ltr'><strong>utpote</strong></span> <span class='ocrx_word' id='word_1_591' title='bbox 317 4482 351 4523; x_wconf 76' lang='lat' dir='ltr'><strong>ex</strong></span> <span class='ocrx_word' id='word_1_592' title='bbox 382 4469 478 4526; x_wconf 79' lang='lat' dir='ltr'><strong>oreore</strong></span> <span class='ocrx_word' id='word_1_593' title='bbox 499 4469 603 4540; x_wconf 81' lang='lat' dir='ltr'><strong>jejooio</strong></span> <span class='ocrx_word' id='word_1_594' title='bbox 620 4478 731 4537; x_wconf 62' lang='lat' dir='ltr'><strong>torqueo,</strong></span> <span class='ocrx_word' id='word_1_595' title='bbox 755 4471 802 4526; x_wconf 65' lang='lat' dir='ltr'><strong>ree</strong></span> <span class='ocrx_word' id='word_1_596' title='bbox 824 4472 874 4526; x_wconf 76' lang='lat' dir='ltr'><strong>oe.</strong></span> <span class='ocrx_word' id='word_1_597' title='bbox 923 4461 995 4533; x_wconf 89' lang='lat' dir='ltr'><strong>quod</strong></span> <span class='ocrx_word' id='word_1_598' title='bbox 1009 4459 1252 4531; x_wconf 84' lang='lat' dir='ltr'><strong>etipscdcdicatit</strong></span> <span class='ocrx_word' id='word_1_599' title='bbox 1269 4459 1545 4519; x_wconf 82' lang='lat' dir='ltr'><strong>udltonoremsaocti</strong></span> <span class='ocrx_word' id='word_1_600' title='bbox 1559 4463 1704 4536; x_wconf 72' lang='lat' dir='ltr'><strong>Petriapc·</strong></span> 
     </span>
     <span class='ocr_line' id='line_1_48' title="bbox 83 4551 1706 4636; baseline 0.003 -29"><span class='ocrx_word' id='word_1_601' title='bbox 83 4553 197 4609; x_wconf 88' lang='lat' dir='ltr'><strong>modum</strong></span> <span class='ocrx_word' id='word_1_602' title='bbox 212 4555 309 4612; x_wconf 79' lang='lat' dir='ltr'><strong>rubeat</strong></span> <span class='ocrx_word' id='word_1_603' title='bbox 328 4560 455 4628; x_wconf 73' lang='lat' dir='ltr'><strong>mireque</strong></span> <span class='ocrx_word' id='word_1_604' title='bbox 471 4558 626 4630; x_wconf 61' lang='lat' dir='ltr'><strong>iocundam</strong></span> <span class='ocrx_word' id='word_1_605' title='bbox 638 4558 750 4615; x_wconf 83' lang='lat' dir='ltr'><strong>barbam</strong></span> <span class='ocrx_word' id='word_1_606' title='bbox 763 4575 870 4626; x_wconf 88' lang='lat' dir='ltr'><strong>cauam,</strong></span> <span class='ocrx_word' id='word_1_607' title='bbox 922 4552 984 4608; x_wconf 90' lang='lat' dir='ltr'><strong>stoli</strong></span> <span class='ocrx_word' id='word_1_608' title='bbox 1005 4560 1034 4607; x_wconf 91' lang='lat' dir='ltr'><strong>et</strong></span> <span class='ocrx_word' id='word_1_609' title='bbox 1054 4551 1170 4607; x_wconf 83' lang='lat' dir='ltr'><strong>ninnium</strong></span> <span class='ocrx_word' id='word_1_610' title='bbox 1192 4551 1391 4636; x_wconf 79' lang='lat' dir='ltr'><strong>apostolurum,</strong></span> <span class='ocrx_word' id='word_1_611' title='bbox 1416 4557 1584 4624; x_wconf 70' lang='lat' dir='ltr'><strong>congregatis</strong></span> <span class='ocrx_word' id='word_1_612' title='bbox 1607 4556 1706 4616; x_wconf 82' lang='lat' dir='ltr'><strong>ibidem</strong></span> 
     </span>
     <span class='ocr_line' id='line_1_49' title="bbox 82 4638 1704 4723; baseline 0.004 -27"><span class='ocrx_word' id='word_1_613' title='bbox 82 4645 187 4714; x_wconf 75' lang='lat' dir='ltr'><strong>diqitoe</strong></span> <span class='ocrx_word' id='word_1_614' title='bbox 198 4647 310 4707; x_wconf 75' lang='lat' dir='ltr'><strong>dootitee</strong></span> <span class='ocrx_word' id='word_1_615' title='bbox 332 4659 360 4707; x_wconf 80' lang='lat' dir='ltr'><strong>ei</strong></span> <span class='ocrx_word' id='word_1_616' title='bbox 386 4651 509 4720; x_wconf 65' lang='lat' dir='ltr'><strong>graciles,</strong></span> <span class='ocrx_word' id='word_1_617' title='bbox 533 4653 690 4722; x_wconf 66' lang='lat' dir='ltr'><strong>„ottonique</strong></span> <span class='ocrx_word' id='word_1_618' title='bbox 705 4669 815 4723; x_wconf 61' lang='lat' dir='ltr'><strong>prorsus</strong></span> <span class='ocrx_word' id='word_1_619' title='bbox 827 4670 872 4710; x_wconf 63' lang='lat' dir='ltr'><strong>su.</strong></span> <span class='ocrx_word' id='word_1_620' title='bbox 923 4640 1080 4708; x_wconf 88' lang='lat' dir='ltr'><strong>cultoribus,</strong></span> <span class='ocrx_word' id='word_1_621' title='bbox 1094 4638 1346 4711; x_wconf 78' lang='lat' dir='ltr'><strong>quibuspraeposuit</strong></span> <span class='ocrx_word' id='word_1_622' title='bbox 1358 4641 1483 4702; x_wconf 73' lang='lat' dir='ltr'><strong>inmun</strong></span> <span class='ocrx_word' id='word_1_623' title='bbox 1496 4643 1603 4699; x_wconf 89' lang='lat' dir='ltr'><strong>nomine</strong></span> <span class='ocrx_word' id='word_1_624' title='bbox 1614 4645 1704 4702; x_wconf 79' lang='lat' dir='ltr'><strong>Flore-</strong></span> 
     </span>
     <span class='ocr_line' id='line_1_50' title="bbox 83 4731 1705 4813; baseline -0.003 -17"><span class='ocrx_word' id='word_1_625' title='bbox 83 4733 265 4806; x_wconf 76' lang='lat' dir='ltr'><strong>petssuilatem</strong></span> <span class='ocrx_word' id='word_1_626' title='bbox 289 4739 316 4795; x_wconf 88' lang='lat' dir='ltr'><strong>io</strong></span> <span class='ocrx_word' id='word_1_627' title='bbox 332 4741 460 4796; x_wconf 88' lang='lat' dir='ltr'><strong>membris</strong></span> <span class='ocrx_word' id='word_1_628' title='bbox 472 4741 594 4811; x_wconf 75' lang='lat' dir='ltr'><strong>terebat.</strong></span> <span class='ocrx_word' id='word_1_629' title='bbox 606 4740 712 4808; x_wconf 80' lang='lat' dir='ltr'><strong>Quanto</strong></span> <span class='ocrx_word' id='word_1_630' title='bbox 728 4758 793 4798; x_wconf 80' lang='lat' dir='ltr'><strong>sero</strong></span> <span class='ocrx_word' id='word_1_631' title='bbox 812 4744 872 4813; x_wconf 82' lang='lat' dir='ltr'><strong>pot.</strong></span> <span class='ocrx_word' id='word_1_632' title='bbox 923 4732 1027 4788; x_wconf 88' lang='lat' dir='ltr'><strong>bertum</strong></span> <span class='ocrx_word' id='word_1_633' title='bbox 1050 4737 1148 4786; x_wconf 77' lang='lat' dir='ltr'><strong>sancte</strong></span> <span class='ocrx_word' id='word_1_634' title='bbox 1169 4731 1306 4801; x_wconf 76' lang='lat' dir='ltr'><strong>religionis</strong></span> <span class='ocrx_word' id='word_1_635' title='bbox 1326 4741 1470 4802; x_wconf 88' lang='lat' dir='ltr'><strong>rectorem,</strong></span> <span class='ocrx_word' id='word_1_636' title='bbox 1485 4733 1575 4804; x_wconf 31' lang='lat' dir='ltr'><strong>,dignis</strong></span> <span class='ocrx_word' id='word_1_637' title='bbox 1588 4736 1705 4791; x_wconf 90' lang='lat' dir='ltr'><strong>moribus</strong></span> 
     </span>
     <span class='ocr_line' id='line_1_51' title="bbox 82 4821 1702 4902; baseline -0.002 -17"><span class='ocrx_word' id='word_1_638' title='bbox 82 4827 179 4882; x_wconf 70' lang='lat' dir='ltr'><strong>chum</strong></span> <span class='ocrx_word' id='word_1_639' title='bbox 189 4830 322 4900; x_wconf 88' lang='lat' dir='ltr'><strong>corporali</strong></span> <span class='ocrx_word' id='word_1_640' title='bbox 333 4844 448 4900; x_wconf 87' lang='lat' dir='ltr'><strong>persona</strong></span> <span class='ocrx_word' id='word_1_641' title='bbox 458 4830 577 4887; x_wconf 84' lang='lat' dir='ltr'><strong>exterius</strong></span> <span class='ocrx_word' id='word_1_642' title='bbox 586 4830 786 4902; x_wconf 77' lang='lat' dir='ltr'><strong>resplendebat,</strong></span> <span class='ocrx_word' id='word_1_643' title='bbox 795 4838 872 4889; x_wconf 86' lang='lat' dir='ltr'><strong>tanto</strong></span> <span class='ocrx_word' id='word_1_644' title='bbox 922 4821 1109 4890; x_wconf 88' lang='lat' dir='ltr'><strong>compositum,</strong></span> <span class='ocrx_word' id='word_1_645' title='bbox 1120 4828 1148 4876; x_wconf 96' lang='lat' dir='ltr'><strong>et</strong></span> <span class='ocrx_word' id='word_1_646' title='bbox 1159 4821 1243 4878; x_wconf 90' lang='lat' dir='ltr'><strong>totius</strong></span> <span class='ocrx_word' id='word_1_647' title='bbox 1255 4822 1544 4895; x_wconf 84' lang='lat' dir='ltr'><strong>bouestatisetemplis</strong></span> <span class='ocrx_word' id='word_1_648' title='bbox 1554 4826 1681 4886; x_wconf 83' lang='lat' dir='ltr'><strong>reiertuor</strong></span> <span class='ocrx_word' id='word_1_649' title='bbox 1694 4845 1702 4882; x_wconf 80' lang='lat' dir='ltr'><strong><em>z</em></strong></span> 
     </span>
     <span class='ocr_line' id='line_1_52' title="bbox 82 4910 1724 5001; baseline 0.008 -31"><span class='ocrx_word' id='word_1_650' title='bbox 82 4910 215 4986; x_wconf 72' lang='lat' dir='ltr'><strong>inuictos</strong></span> <span class='ocrx_word' id='word_1_651' title='bbox 238 4919 392 4977; x_wconf 82' lang='lat' dir='ltr'><strong>habitatore</strong></span> <span class='ocrx_word' id='word_1_652' title='bbox 412 4920 515 4992; x_wconf 88' lang='lat' dir='ltr'><strong>Spiritu</strong></span> <span class='ocrx_word' id='word_1_653' title='bbox 539 4934 635 4978; x_wconf 90' lang='lat' dir='ltr'><strong>sancto</strong></span> <span class='ocrx_word' id='word_1_654' title='bbox 654 4921 767 4978; x_wconf 88' lang='lat' dir='ltr'><strong>interius</strong></span> <span class='ocrx_word' id='word_1_655' title='bbox 792 4939 872 4979; x_wconf 90' lang='lat' dir='ltr'><strong>coru·</strong></span> <span class='ocrx_word' id='word_1_656' title='bbox 922 4930 936 4969; x_wconf 76' lang='lat'>²</span> <span class='ocrx_word' id='word_1_657' title='bbox 951 4928 1004 4983; x_wconf 75' lang='lat'>(1¹¹⁰</span> <span class='ocrx_word' id='word_1_658' title='bbox 1018 4912 1096 4968; x_wconf 61' lang='lat' dir='ltr'><strong>‘lim</strong></span> <span class='ocrx_word' id='word_1_659' title='bbox 1110 4919 1168 4968; x_wconf 71' lang='lat'><strong>0¹²</strong></span> <span class='ocrx_word' id='word_1_660' title='bbox 1189 4916 1293 4971; x_wconf 49' lang='lat' dir='ltr'><strong>&amp;liiii</strong></span> <span class='ocrx_word' id='word_1_661' title='bbox 1307 4913 1432 4977; x_wconf 83' lang='lat' dir='ltr'><strong>iratribus</strong></span> <span class='ocrx_word' id='word_1_662' title='bbox 1449 4917 1604 4976; x_wconf 80' lang='lat' dir='ltr'><strong>monastice</strong></span> <span class='ocrx_word' id='word_1_663' title='bbox 1615 4917 1724 5001; x_wconf 48' lang='lat' dir='ltr'><strong>curri-4</strong></span> 
     </span>
     <span class='ocr_line' id='line_1_53' title="bbox 81 5000 1725 5078; baseline -0.001 -14"><span class='ocrx_word' id='word_1_664' title='bbox 81 5008 191 5064; x_wconf 78' lang='lat' dir='ltr'><strong>stabat.</strong></span> <span class='ocrx_word' id='word_1_665' title='bbox 921 5003 984 5059; x_wconf 87' lang='lat' dir='ltr'><strong>tatis</strong></span> <span class='ocrx_word' id='word_1_666' title='bbox 996 5000 1083 5059; x_wconf 87' lang='lat' dir='ltr'><strong>cilicio</strong></span> <span class='ocrx_word' id='word_1_667' title='bbox 1097 5002 1214 5074; x_wconf 73' lang='lat' dir='ltr'><strong>benigne</strong></span> <span class='ocrx_word' id='word_1_668' title='bbox 1233 5015 1375 5077; x_wconf 82' lang='lat' dir='ltr'><strong>susceptus</strong></span> <span class='ocrx_word' id='word_1_669' title='bbox 1387 5016 1436 5063; x_wconf 84' lang='lat' dir='ltr'><strong>cst.</strong></span> <span class='ocrx_word' id='word_1_670' title='bbox 1454 5007 1493 5061; x_wconf 93' lang='lat' dir='ltr'><strong>lbi</strong></span> <span class='ocrx_word' id='word_1_671' title='bbox 1508 5022 1615 5078; x_wconf 90' lang='lat' dir='ltr'><strong>quoque</strong></span> <span class='ocrx_word' id='word_1_672' title='bbox 1630 5008 1703 5064; x_wconf 84' lang='lat' dir='ltr'><strong>inre·</strong></span> <span class='ocrx_word' id='word_1_673' title='bbox 1721 5010 1725 5057; x_wconf 78' lang='lat' dir='ltr'><strong>l</strong></span> 
     </span>
     <span class='ocr_line' id='line_1_54' title="bbox 119 5094 1705 5179; baseline 0.004 -32"><span class='ocrx_word' id='word_1_674' title='bbox 119 5094 166 5154; x_wconf 53' lang='grc' dir='ltr'><strong>ἢ).</strong></span> <span class='ocrx_word' id='word_1_675' title='bbox 182 5099 276 5156; x_wconf 66' lang='lat' dir='ltr'><strong>ome</strong></span> <span class='ocrx_word' id='word_1_676' title='bbox 290 5102 327 5179; x_wconf 67' lang='lat' dir='ltr'><strong>od</strong></span> <span class='ocrx_word' id='word_1_677' title='bbox 345 5119 373 5158; x_wconf 69' lang='lat' dir='ltr'><strong>ee</strong></span> <span class='ocrx_word' id='word_1_678' title='bbox 385 5112 563 5159; x_wconf 65' lang='lat' dir='ltr'><strong>eeeeormim</strong></span> <span class='ocrx_word' id='word_1_679' title='bbox 577 5105 649 5160; x_wconf 81' lang='lat' dir='ltr'><strong>dccet</strong></span> <span class='ocrx_word' id='word_1_680' title='bbox 660 5113 791 5176; x_wconf 83' lang='lat' dir='ltr'><strong>curetque.</strong></span> <span class='ocrx_word' id='word_1_681' title='bbox 808 5103 872 5160; x_wconf 64' lang='lat' dir='ltr'><strong>fta.</strong></span> <span class='ocrx_word' id='word_1_682' title='bbox 921 5097 961 5151; x_wconf 90' lang='lat' dir='ltr'><strong>ttit</strong></span> <span class='ocrx_word' id='word_1_683' title='bbox 983 5094 1128 5164; x_wconf 77' lang='lat' dir='ltr'><strong>matutino</strong></span> <span class='ocrx_word' id='word_1_684' title='bbox 1148 5096 1297 5154; x_wconf 87' lang='lat' dir='ltr'><strong>sanctitatis</strong></span> <span class='ocrx_word' id='word_1_685' title='bbox 1316 5097 1401 5152; x_wconf 87' lang='lat' dir='ltr'><strong>virum</strong></span> <span class='ocrx_word' id='word_1_686' title='bbox 1415 5104 1443 5150; x_wconf 92' lang='lat' dir='ltr'><strong>et</strong></span> <span class='ocrx_word' id='word_1_687' title='bbox 1455 5098 1590 5166; x_wconf 75' lang='lat' dir='ltr'><strong>etreqinnr</strong></span> <span class='ocrx_word' id='word_1_688' title='bbox 1603 5096 1705 5153; x_wconf 83' lang='lat' dir='ltr'><strong>Christi</strong></span> 
     </span>
     <span class='ocr_line' id='line_1_55' title="bbox 83 5187 1703 5266; baseline -0.003 -19"><span class='ocrx_word' id='word_1_689' title='bbox 83 5195 182 5248; x_wconf 78' lang='grc' dir='ltr'>ιὶιιιιιιιι</span> <span class='ocrx_word' id='word_1_690' title='bbox 192 5203 332 5249; x_wconf 82' lang='lat' dir='ltr'><strong>ortrrntur.</strong></span> <span class='ocrx_word' id='word_1_691' title='bbox 346 5193 466 5266; x_wconf 80' lang='lat' dir='ltr'><strong>Cumque</strong></span> <span class='ocrx_word' id='word_1_692' title='bbox 476 5198 704 5252; x_wconf 86' lang='lat' dir='ltr'><strong>succrescentibus</strong></span> <span class='ocrx_word' id='word_1_693' title='bbox 714 5196 870 5252; x_wconf 87' lang='lat' dir='ltr'><strong>meritorum</strong></span> <span class='ocrx_word' id='word_1_694' title='bbox 919 5187 1099 5246; x_wconf 79' lang='lat' dir='ltr'><strong>confessorem</strong></span> <span class='ocrx_word' id='word_1_695' title='bbox 1114 5189 1248 5244; x_wconf 83' lang='lat' dir='ltr'><strong>baronem</strong></span> <span class='ocrx_word' id='word_1_696' title='bbox 1268 5188 1402 5244; x_wconf 80' lang='lat' dir='ltr'><strong>recentiva</strong></span> <span class='ocrx_word' id='word_1_697' title='bbox 1417 5187 1430 5226; x_wconf 69' lang='lat' dir='ltr'><strong>b</strong></span> <span class='ocrx_word' id='word_1_698' title='bbox 1444 5195 1530 5244; x_wconf 88' lang='lat' dir='ltr'><strong>tnotte</strong></span> <span class='ocrx_word' id='word_1_699' title='bbox 1544 5189 1570 5242; x_wconf 91' lang='lat' dir='ltr'><strong>in</strong></span> <span class='ocrx_word' id='word_1_700' title='bbox 1590 5187 1703 5245; x_wconf 84' lang='lat' dir='ltr'><strong>Dctuiuo</strong></span> 
     </span>
    </p>
   </div>
   <div class='ocr_carea' id='block_1_5' title="bbox 81 5337 1708 5767">
    <p class='ocr_par' dir='ltr' id='par_1_6' title="bbox 81 5337 1708 5767">
     <span class='ocr_line' id='line_1_56' title="bbox 122 5337 1700 5417; baseline -0.003 -16"><span class='ocrx_word' id='word_1_701' title='bbox 122 5355 138 5382; x_wconf 76' lang='lat'>⁸</span> <span class='ocrx_word' id='word_1_702' title='bbox 149 5344 189 5402; x_wconf 80' lang='lat' dir='ltr'><strong>De</strong></span> <span class='ocrx_word' id='word_1_703' title='bbox 200 5347 323 5404; x_wconf 81' lang='lat' dir='ltr'><strong>coencbio</strong></span> <span class='ocrx_word' id='word_1_704' title='bbox 335 5346 428 5403; x_wconf 84' lang='lat' dir='ltr'><strong>Gauda</strong></span> <span class='ocrx_word' id='word_1_705' title='bbox 438 5362 486 5403; x_wconf 88' lang='lat' dir='ltr'><strong>sen</strong></span> <span class='ocrx_word' id='word_1_706' title='bbox 499 5347 625 5404; x_wconf 78' lang='lat' dir='ltr'><strong>Gantlrrn</strong></span> <span class='ocrx_word' id='word_1_707' title='bbox 638 5349 697 5417; x_wconf 77' lang='lat' dir='ltr'><strong>lege</strong></span> <span class='ocrx_word' id='word_1_708' title='bbox 707 5337 772 5400; x_wconf 79' lang='lat' dir='ltr'><strong>Aeta&#39;</strong></span> <span class='ocrx_word' id='word_1_709' title='bbox 784 5345 869 5401; x_wconf 83' lang='lat' dir='ltr'><strong>sancti</strong></span> <span class='ocrx_word' id='word_1_710' title='bbox 920 5339 1193 5396; x_wconf 82' lang='lat' dir='ltr'><strong>illustrasseridetur.</strong></span> <span class='ocrx_word' id='word_1_711' title='bbox 1216 5338 1249 5394; x_wconf 89' lang='lat' dir='ltr'><strong>lu</strong></span> <span class='ocrx_word' id='word_1_712' title='bbox 1265 5339 1375 5396; x_wconf 84' lang='lat' dir='ltr'><strong>sanderi</strong></span> <span class='ocrx_word' id='word_1_713' title='bbox 1396 5340 1529 5397; x_wconf 82' lang='lat' dir='ltr'><strong>Cbrcnicc</strong></span> <span class='ocrx_word' id='word_1_714' title='bbox 1548 5341 1700 5398; x_wconf 81' lang='lat' dir='ltr'><strong>Barettianc</strong></span> 
     </span>
     <span class='ocr_line' id='line_1_57' title="bbox 84 5408 1696 5480; baseline -0.002 -12"><span class='ocrx_word' id='word_1_715' title='bbox 84 5415 202 5472; x_wconf 76' lang='lat' dir='ltr'><strong>Barcuis</strong></span> <span class='ocrx_word' id='word_1_716' title='bbox 219 5431 290 5472; x_wconf 83' lang='lat' dir='ltr'><strong>aueo</strong></span> <span class='ocrx_word' id='word_1_717' title='bbox 304 5416 365 5471; x_wconf 73' lang='lat'><strong>655.</strong></span> <span class='ocrx_word' id='word_1_718' title='bbox 383 5417 499 5473; x_wconf 82' lang='lat' dir='ltr'><strong>laooitoe</strong></span> <span class='ocrx_word' id='word_1_719' title='bbox 519 5419 683 5472; x_wconf 71' lang='lat' dir='ltr'><strong>Matoroooos</strong></span> <span class='ocrx_word' id='word_1_720' title='bbox 698 5418 724 5470; x_wconf 89' lang='lat' dir='ltr'><strong>io</strong></span> <span class='ocrx_word' id='word_1_721' title='bbox 738 5416 783 5470; x_wconf 88' lang='lat' dir='ltr'><strong>tib.</strong></span> <span class='ocrx_word' id='word_1_722' title='bbox 797 5431 824 5470; x_wconf 87' lang='lat' dir='ltr'><strong>or</strong></span> <span class='ocrx_word' id='word_1_723' title='bbox 838 5417 870 5469; x_wconf 82' lang='lat' dir='ltr'><strong>de</strong></span> <span class='ocrx_word' id='word_1_724' title='bbox 919 5419 1028 5464; x_wconf 88' lang='lat' dir='ltr'><strong>sanetus</strong></span> <span class='ocrx_word' id='word_1_725' title='bbox 1043 5408 1151 5464; x_wconf 79' lang='lat' dir='ltr'><strong>livinus</strong></span> <span class='ocrx_word' id='word_1_726' title='bbox 1172 5425 1233 5466; x_wconf 87' lang='lat' dir='ltr'><strong>cum</strong></span> <span class='ocrx_word' id='word_1_727' title='bbox 1255 5410 1339 5465; x_wconf 86' lang='lat' dir='ltr'><strong>tribus</strong></span> <span class='ocrx_word' id='word_1_728' title='bbox 1349 5411 1497 5480; x_wconf 88' lang='lat' dir='ltr'><strong>discipulis,</strong></span> <span class='ocrx_word' id='word_1_729' title='bbox 1516 5428 1569 5467; x_wconf 77' lang='lat' dir='ltr'><strong>xrtt</strong></span> <span class='ocrx_word' id='word_1_730' title='bbox 1585 5411 1696 5467; x_wconf 80' lang='lat' dir='ltr'><strong>linit-ud.</strong></span> 
     </span>
     <span class='ocr_line' id='line_1_58' title="bbox 83 5478 1708 5556; baseline -0.006 -16"><span class='ocrx_word' id='word_1_731' title='bbox 83 5487 281 5556; x_wconf 65' lang='lat' dir='ltr'><strong>undumeni.</strong></span> <span class='ocrx_word' id='word_1_732' title='bbox 300 5486 345 5552; x_wconf 85' lang='lat' dir='ltr'><strong>ts,</strong></span> <span class='ocrx_word' id='word_1_733' title='bbox 363 5489 466 5549; x_wconf 89' lang='lat' dir='ltr'><strong>scribit,</strong></span> <span class='ocrx_word' id='word_1_734' title='bbox 487 5497 562 5542; x_wconf 88' lang='lat' dir='ltr'><strong>terno</strong></span> <span class='ocrx_word' id='word_1_735' title='bbox 582 5502 597 5540; x_wconf 92' lang='lat' dir='ltr'><strong>a</strong></span> <span class='ocrx_word' id='word_1_736' title='bbox 620 5488 760 5542; x_wconf 80' lang='lat' dir='ltr'><strong>&#39;larveuua</strong></span> <span class='ocrx_word' id='word_1_737' title='bbox 784 5483 870 5553; x_wconf 87' lang='lat' dir='ltr'><strong>lapide</strong></span> <span class='ocrx_word' id='word_1_738' title='bbox 917 5478 1039 5545; x_wconf 70' lang='lat' dir='ltr'><strong>bueusb,</strong></span> <span class='ocrx_word' id='word_1_739' title='bbox 1052 5480 1172 5535; x_wconf 74' lang='lat' dir='ltr'><strong>(laudam</strong></span> <span class='ocrx_word' id='word_1_740' title='bbox 1193 5479 1325 5542; x_wconf 83' lang='lat' dir='ltr'><strong>visitasse,</strong></span> <span class='ocrx_word' id='word_1_741' title='bbox 1348 5480 1471 5551; x_wconf 91' lang='lat' dir='ltr'><strong>idemque</strong></span> <span class='ocrx_word' id='word_1_742' title='bbox 1492 5483 1560 5553; x_wconf 86' lang='lat' dir='ltr'><strong>prid.</strong></span> <span class='ocrx_word' id='word_1_743' title='bbox 1585 5483 1622 5537; x_wconf 90' lang='lat' dir='ltr'><strong>ld.</strong></span> <span class='ocrx_word' id='word_1_744' title='bbox 1643 5482 1708 5537; x_wconf 79' lang='lat' dir='ltr'><strong>No..</strong></span> 
     </span>
     <span class='ocr_line' id='line_1_59' title="bbox 82 5548 1380 5628; baseline -0.007 -17"><span class='ocrx_word' id='word_1_745' title='bbox 82 5556 158 5611; x_wconf 82' lang='lat' dir='ltr'><strong>cerui</strong></span> <span class='ocrx_word' id='word_1_746' title='bbox 172 5568 270 5625; x_wconf 67' lang='lat' dir='ltr'><strong>pagum</strong></span> <span class='ocrx_word' id='word_1_747' title='bbox 284 5556 317 5609; x_wconf 89' lang='lat' dir='ltr'><strong>ad</strong></span> <span class='ocrx_word' id='word_1_748' title='bbox 328 5557 380 5610; x_wconf 89' lang='lat' dir='ltr'><strong>ima</strong></span> <span class='ocrx_word' id='word_1_749' title='bbox 390 5557 497 5611; x_wconf 88' lang='lat' dir='ltr'><strong>coliium</strong></span> <span class='ocrx_word' id='word_1_750' title='bbox 509 5564 673 5626; x_wconf 88' lang='lat' dir='ltr'><strong>protensum,</strong></span> <span class='ocrx_word' id='word_1_751' title='bbox 685 5559 768 5610; x_wconf 85' lang='lat' dir='ltr'><strong>sancti</strong></span> <span class='ocrx_word' id='word_1_752' title='bbox 783 5553 868 5608; x_wconf 86' lang='lat' dir='ltr'><strong>Liriui</strong></span> <span class='ocrx_word' id='word_1_753' title='bbox 919 5551 1007 5603; x_wconf 83' lang='lat' dir='ltr'><strong>teutb.</strong></span> <span class='ocrx_word' id='word_1_754' title='bbox 1020 5549 1166 5603; x_wconf 81' lang='lat' dir='ltr'><strong>decollatus</strong></span> <span class='ocrx_word' id='word_1_755' title='bbox 1180 5548 1262 5603; x_wconf 87' lang='lat' dir='ltr'><strong>luisse</strong></span> <span class='ocrx_word' id='word_1_756' title='bbox 1276 5549 1380 5628; x_wconf 75' lang='lat' dir='ltr'><strong>legitur.</strong></span> 
     </span>
     <span class='ocr_line' id='line_1_60' title="bbox 82 5615 1707 5700; baseline -0.002 -20"><span class='ocrx_word' id='word_1_757' title='bbox 82 5627 194 5680; x_wconf 82' lang='lat' dir='ltr'><strong>nomine</strong></span> <span class='ocrx_word' id='word_1_758' title='bbox 216 5640 248 5679; x_wconf 84' lang='lat' dir='ltr'><strong>ce</strong></span> <span class='ocrx_word' id='word_1_759' title='bbox 271 5624 405 5682; x_wconf 85' lang='lat' dir='ltr'><strong>rttiraculis</strong></span> <span class='ocrx_word' id='word_1_760' title='bbox 428 5626 575 5680; x_wconf 88' lang='lat' dir='ltr'><strong>innumeris</strong></span> <span class='ocrx_word' id='word_1_761' title='bbox 597 5625 767 5694; x_wconf 75' lang='lat' dir='ltr'><strong>insignitum,</strong></span> <span class='ocrx_word' id='word_1_762' title='bbox 787 5637 868 5693; x_wconf 90' lang='lat' dir='ltr'><strong>queut</strong></span> <span class='ocrx_word' id='word_1_763' title='bbox 954 5615 1141 5700; x_wconf 82' lang='lat' dir='ltr'><strong>blnepitume</strong></span> <span class='ocrx_word' id='word_1_764' title='bbox 1156 5618 1223 5674; x_wconf 73' lang='lat' dir='ltr'><strong>Vitae</strong></span> <span class='ocrx_word' id='word_1_765' title='bbox 1236 5619 1265 5673; x_wconf 88' lang='lat' dir='ltr'><strong>S.</strong></span> <span class='ocrx_word' id='word_1_766' title='bbox 1284 5617 1369 5700; x_wconf 71' lang='lat' dir='ltr'><strong>bivttti</strong></span> <span class='ocrx_word' id='word_1_767' title='bbox 1383 5620 1454 5688; x_wconf 86' lang='lat' dir='ltr'><strong>apud</strong></span> <span class='ocrx_word' id='word_1_768' title='bbox 1471 5623 1576 5678; x_wconf 84' lang='lat' dir='ltr'><strong>Surium</strong></span> <span class='ocrx_word' id='word_1_769' title='bbox 1597 5622 1623 5678; x_wconf 77' lang='lat' dir='ltr'><strong>iel</strong></span> <span class='ocrx_word' id='word_1_770' title='bbox 1639 5633 1707 5692; x_wconf 79' lang='lat' dir='ltr'><strong>post.</strong></span> 
     </span>
     <span class='ocr_line' id='line_1_61' title="bbox 81 5687 1698 5767; baseline 0.002 -18"><span class='ocrx_word' id='word_1_771' title='bbox 81 5703 194 5750; x_wconf 74' lang='lat' dir='ltr'><strong>sanctus</strong></span> <span class='ocrx_word' id='word_1_772' title='bbox 204 5702 346 5763; x_wconf 82' lang='lat' dir='ltr'><strong>antequam</strong></span> <span class='ocrx_word' id='word_1_773' title='bbox 360 5695 478 5752; x_wconf 73' lang='lat' dir='ltr'><strong>(landum</strong></span> <span class='ocrx_word' id='word_1_774' title='bbox 490 5696 657 5763; x_wconf 67' lang='lat' dir='ltr'><strong>corraderet,</strong></span> <span class='ocrx_word' id='word_1_775' title='bbox 670 5696 809 5767; x_wconf 71' lang='lat' dir='ltr'><strong>picentia</strong></span> <span class='ocrx_word' id='word_1_776' title='bbox 819 5709 867 5749; x_wconf 81' lang='lat' dir='ltr'><strong>sua</strong></span> <span class='ocrx_word' id='word_1_777' title='bbox 919 5688 1061 5746; x_wconf 88' lang='lat' dir='ltr'><strong>tricuutnm</strong></span> <span class='ocrx_word' id='word_1_778' title='bbox 1076 5702 1091 5741; x_wconf 84' lang='lat' dir='ltr'><strong>a</strong></span> <span class='ocrx_word' id='word_1_779' title='bbox 1106 5696 1192 5746; x_wconf 85' lang='lat' dir='ltr'><strong>morte</strong></span> <span class='ocrx_word' id='word_1_780' title='bbox 1205 5696 1292 5747; x_wconf 86' lang='lat' dir='ltr'><strong>sancti</strong></span> <span class='ocrx_word' id='word_1_781' title='bbox 1306 5687 1421 5749; x_wconf 73' lang='lat' dir='ltr'><strong>Batonis</strong></span> <span class='ocrx_word' id='word_1_782' title='bbox 1435 5693 1578 5764; x_wconf 74' lang='lat' dir='ltr'><strong>contigisse</strong></span> <span class='ocrx_word' id='word_1_783' title='bbox 1588 5694 1698 5753; x_wconf 65' lang='lat' dir='ltr'><strong>dicitu,</strong></span> 
     </span>
    </p>
   </div>
   <div class='ocr_carea' id='block_1_6' title="bbox 0 0 1908 6116">
    <p class='ocr_par' dir='ltr' id='par_1_7' title="bbox 0 0 1908 6116">
     <span class='ocr_line' id='line_1_62' title="bbox 0 0 1908 6116; baseline 0 0"><span class='ocrx_word' id='word_1_784' title='bbox 0 0 1908 6116; x_wconf 95' lang='lat' dir='ltr'><strong> </strong></span> 
     </span>
    </p>
   </div>
  </div>
 </body>
</html>
