3788 6126
223 447 277 509 sne
813 445 843 501 e.
864 445 964 502 cursu
983 414 1254 508 noviomense.
1800 457 1856 515 sss

223 577 302 628 ueris,
316 559 431 617 humiles
442 570 551 628 semper
570 554 685 626 diligens
700 570 708 610 e
723 555 891 612 exuberabat
901 559 1052 627 quoquest
1065 573 1098 614 es
1113 561 1175 627 boc,
1190 570 1221 616 ut
1233 562 1272 618 rei
1283 561 1377 620 docuit
1389 563 1488 632 exitus,
1512 572 1604 623 mente
1617 567 1748 632 tumidus,
1773 571 1857 630 eom

221 654 251 711 iu
265 652 460 711 eoeonstantia
475 649 546 716 iidei,
560 650 664 722 puritas
678 646 843 717 dilectionis,
868 648 1013 705 sinceritas
1064 661 1226 720 protervus,
1251 661 1333 723 atque
1357 655 1467 711 actione
1489 655 1644 726 dissipatus,
1667 658 1716 728 qui
1739 659 1855 719 masei,

222 746 313 819 pacis,
338 757 413 799 amor
440 739 590 806 charitatis,
618 747 701 810 atque
722 738 756 795 sd
779 747 908 794 uternam
925 739 1012 794 vitam
1062 745 1347 814 praesumptionissuas
1370 746 1507 818 deceptus,
1521 749 1604 819 erepit
1618 749 1708 806 verbis
1721 740 1856 813 extoiiere

221 837 351 891 decetne
363 848 419 889 suae
434 832 505 888 iiiios
516 831 574 902 jugi
586 831 676 887 studio
690 829 815 894 inritans,
830 844 899 899 qnos
909 828 1012 884 erudic-
1061 847 1077 886 a
1091 848 1122 889 se
1138 849 1238 906 corpus
1251 837 1378 907 martyris
1388 837 1508 905 Quintiui
1527 847 1555 894 et
1569 839 1668 912 inquiri
1681 854 1762 911 posse
1773 851 1805 898 et
1816 843 1855 897 is·

223 924 269 980 bat
291 924 412 986 bortatu,
438 921 620 993 praeveniebat
647 919 784 990 exemplo,
812 936 872 990 qum
894 919 1012 975 docebat
1061 923 1162 991 veniri;
1177 925 1225 981 sed
1237 934 1266 981 ut
1279 934 1307 982 et
1319 926 1378 996 ejus
1391 929 1555 997 proterviam
1577 929 1650 986 illico
1664 940 1693 988 et
1707 931 1787 1001 Eligii
1799 946 1857 989 ure·

219 1030 312 1087 egens,
321 1024 350 1071 et
362 1029 422 1084 quae
435 1015 532 1083 agebat
541 1011 653 1074 meotis.
665 1024 715 1065 nec
726 1009 856 1066 alludere
871 1023 1010 1080 promens,
1061 1011 1112 1066 rita
1128 1012 1238 1069 demum
1267 1014 1397 1070 Dominus
1419 1015 1581 1084 declararet,
1607 1034 1670 1074 mox
1693 1029 1724 1074 nr
1752 1029 1853 1076 semu

219 1105 294 1163 cliui
309 1105 393 1162 cortic
405 1105 527 1169 volvens,
553 1102 602 1158 sed
625 1101 695 1171 quud
716 1115 763 1156 ore
787 1100 903 1158 decebat
927 1114 1010 1171 opere
1060 1105 1167 1158 sarculo
1186 1104 1297 1159 scabere
1307 1105 1400 1176 coepit,
1415 1107 1587 1163 manubrium
1602 1108 1711 1166 iussorii
1727 1112 1854 1170 manibus

218 1199 430 1266 corroborabat;
445 1199 566 1267 etquaie
587 1197 706 1252 babebat
724 1197 849 1262 verbum,
876 1194 958 1249 talem
982 1200 1011 1248 et
1061 1192 1245 1263 rjusiubtesit,
1262 1197 1355 1268 sicque
1385 1200 1469 1256 miser
1482 1215 1551 1270 opus
1564 1212 1756 1274 presumptum
1770 1205 1854 1265 rebe·

218 1292 311 1359 vitam;
327 1291 435 1362 qualem
445 1290 527 1344 etiam
540 1289 633 1354 vium,
650 1288 706 1343 tale
720 1301 828 1357 qunque
843 1293 872 1341 et
885 1285 1007 1343 verbum.
1059 1301 1158 1356 quens,
1169 1291 1299 1359 'sequenti
1311 1305 1419 1361 quoque
1429 1292 1473 1348 die
1495 1292 1521 1348 in
1544 1295 1667 1352 manibus
1681 1297 1738 1353 suis
1753 1298 1854 1354 vermi·

217 1383 329 1443 Summa
352 1379 453 1451 quippe
473 1379 596 1434 bonimio
618 1377 740 1434 subditos
753 1377 879 1447 egebam
904 1390 1009 1431 summa
1060 1376 1111 1433 bus
1131 1379 1322 1436 ebullientibus
1348 1383 1538 1439 miserabiliter
1565 1385 1699 1455 expiravit
1715 1401 1773 1443 :ex
1797 1402 1853 1459 qno

216 1475 362 1531 severitate
386 1472 561 1542 semetipsum
587 1469 756 1537 damnabat,
778 1485 832 1525 non
858 1469 926 1526 satis
949 1478 1009 1525 erat
1059 1467 1131 1523 iaetu
1156 1478 1245 1526 mutim
1268 1471 1348 1527 timor
1372 1472 1491 1528 adolevit
1512 1474 1540 1529 in
1567 1478 1679 1545 populo,
1704 1483 1735 1532 ut
1762 1478 1853 1536 nullus

216 1564 345 1622 terribilis
358 1564 387 1620 in
398 1562 544 1632 subjectis;
557 1562 668 1617 nimium
682 1561 760 1619 valde
770 1571 895 1617 austerus
909 1561 937 1616 iu
948 1561 1009 1632 pia·
1059 1558 1188 1631 deinceps
1210 1562 1333 1629 quamvis
1356 1563 1503 1632 probabilis
1521 1565 1583 1619 vitae
1612 1576 1711 1636 praeter
1734 1566 1851 1638 Eligiusr

214 1656 293 1723 culis,
309 1655 337 1710 iu
358 1669 389 1711 se
402 1655 528 1708 servabat
540 1666 694 1717 censuram,
710 1651 737 1706 in
763 1651 830 1707 alios
850 1652 1009 1722 praelerebat
1059 1648 1213 1720 hujusmodi
1226 1652 1365 1721 negotium
1375 1654 1488 1710 auderet
1503 1663 1641 1727 appetere.
1667 1655 1771 1729 Eligius
1785 1674 1851 1730 ergo

212 1747 364 1819 justitiam,
387 1746 476 1814 rigore
502 1744 629 1799 utebatur
643 1743 669 1797 in
695 1742 862 1798 discussione
883 1740 1007 1811 justitie,
1060 1757 1124 1797 eura
1135 1743 1262 1812 pastoraii
1276 1754 1413 1816 suscepta,
1428 1747 1520 1801 statim
1530 1748 1563 1807 iu
1576 1748 1689 1804 exordio
1705 1765 1762 1805 sure
1773 1754 1848 1806 erili.

144 1820 147 1825 Α
214 1835 399 1894 misericordia
412 1835 439 1890 in
464 1833 623 1889 delinitione
648 1833 803 1898 servientia,
825 1832 1009 1889 districtiones
1059 1832 1176 1887 undonis
1184 1834 1267 1903 erepit
1280 1834 1419 1891 assiduare
1429 1848 1493 1905 erga
1507 1837 1594 1892 iocum
1605 1837 1680 1893 illurn
1698 1849 1762 1895 :est
1776 1842 1850 1897 enirn

213 1922 1007 1996 verecensuraeseurpertemperabatmisericordia,scieus
1024 1908 1130 1976 Bbauu
1152 1923 1248 1993 procul
1271 1922 1306 1979 ab
1321 1924 1389 1980 urbe
1410 1925 1614 1994 Vernrandeusi,
1637 1946 1665 1983 ru
1687 1944 1722 1985 eu
1744 1933 1850 1988 scilicet

214 2022 344 2092 seriptum
369 2018 434 2090 quia
449 2018 476 2073 in
501 2033 535 2074 eo
550 2017 622 2086 quod
631 2015 736 2087 iudicat
757 2016 830 2086 quis,
844 2014 1007 2085 judicandus
1057 2011 1118 2067 loco
1129 2013 1173 2068 ubi
1184 2013 1320 2083 quondam
1335 2024 1486 2087 martyres
1500 2013 1581 2071 ssrrvio
1604 2017 1728 2074 elevatus
1746 2020 1780 2074 ab
1796 2019 1850 2075 liu·

213 2120 257 2171 esi
271 2131 278 2167 ι
293 2122 322 2170 et
345 2109 419 2181 qunti
440 2107 563 2163 Potentes
585 2117 703 2178 patenter
728 2114 858 2162 tormenta
874 2107 1008 2176 potientur
1056 2102 1130 2159 sebia
1153 2103 1180 2158 in
1215 2113 1308 2160 niente
1321 2096 1420 2161 ⁸iuerat
1443 2106 1598 2163 tumulatus.
1626 2108 1728 2179 liligius
1755 2109 1850 2181 itaque

214 2202 294 2276 (Sap.
315 2216 354 2270 rs,
371 2199 414 2271 7),
429 2195 689 2268 etquodiadicirnn
715 2197 763 2253 erit
777 2196 946 2252 demisissent
965 2194 1006 2249 iris
1056 2193 1227 2250 diviuonutu
1254 2182 1398 2266 instigatus
1422 2196 1550 2252 volvebat
1575 2197 1602 2253 in
1628 2200 1731 2266 auimo,
1745 2201 1795 2256 sed
1820 2210 1850 2256 et

212 2297 386 2370 quiprrermrt
408 2292 488 2365 (Sap.
513 2307 550 2354 ιι,
576 2289 615 2363 bt.
632 2288 695 2346 ilaec
708 2303 773 2358 ergo
796 2287 891 2344 sedula
915 2293 1007 2343 mente
1057 2282 1140 2339 libere
1163 2283 1349 2355 proclamabat
1370 2285 1471 2355 populo
1495 2300 1551 2340 rien
1566 2284 1619 2340 illic
1632 2287 1727 2342 baberi
1747 2303 1848 2358 corpus

213 2394 392 2459 pertractans,
409 2384 436 2439 iu
463 2383 537 2439 omni
551 2381 661 2437 actione
686 2380 878 2436 discretionem
907 2379 1004 2444 tenuit,
1055 2388 1110 2445 quo
1124 2388 1185 2429 eum
1197 2375 1257 2429 ioco
1272 2376 1453 2430 venerabatur
1470 2375 1595 2448 populus,
1609 2379 1658 2432 seri
1673 2392 1734 2435 esse
1754 2382 1846 2450 potius

210 2494 262 2535 nee
274 2479 302 2535 in
313 2477 368 2533 ulio
382 2475 490 2547 penitus
511 2475 691 2545 intemperate
702 2487 733 2530 se
746 2472 840 2543 gessit,
853 2469 901 2527 sed
914 2469 1005 2526 onmia
1055 2467 1081 2521 iu
1095 2474 1173 2537 parte
1183 2466 1306 2521 ulterius.
1328 2464 1451 2536 Cumque
1473 2466 1520 2523 diu
1544 2467 1699 2536 hujusmodi
1724 2472 1847 2526 contitio

208 2567 537 2642 diligenterdistingueus,
549 2574 579 2622 et
591 2564 773 2634 indisciplina
784 2573 814 2620 et
827 2565 855 2618 in
871 2563 1004 2621 mametis
1054 2565 1172 2612 menum
1183 2555 1243 2627 ejus
1252 2557 1414 2626 stiuvniaret,
1424 2558 1508 2628 erepit
1518 2557 1625 2613 modom
1638 2560 1731 2629 sagaci
1754 2560 1845 2631 inqui·

208 2663 319 2720 modum
328 2675 438 2732 semper
448 2673 481 2714 ae
493 2664 739 2729 temperamentum
749 2655 878 2713 emicuit.
1053 2647 1152 2704 sitione
1165 2662 1215 2718 per
1224 2646 1342 2704 basilicae
1357 2648 1600 2719 pavimentumlrue
1611 2650 1728 2721 illucque
1741 2661 1846 2709 tentare

517 2768 633 2826 cpppp
653 2767 686 2824 p·
1052 2739 1138 2795 sicubi
1152 2748 1288 2796 sacratum
1300 2741 1433 2795 turnulum
1446 2749 1539 2811 posset
1550 2740 1755 2812 deprehendere
1772 2785 1779 2798 .
1798 2745 1845 2800 sed

1053 2845 1114 2888 eum
1129 2831 1422 2887 nullatenusiudiciuvu
1449 2831 1544 2887 tumuli
1566 2832 1708 2903 reperiret,
1724 2835 1809 2907 eoepit
1828 2848 1845 2890 a

1051 2921 1179 2978 iratribus
1192 2921 1302 2978 destitui
1327 2922 1552 2993 prosequentibus
1577 2937 1638 2978 cum
1664 2935 1785 2981 tremore
1807 2931 1846 2982 in·

1053 3013 1255 3081 teritumillius,
1269 3014 1315 3084 qui
1342 3013 1442 3069 dudum
1470 3015 1702 3085 investigationem
1726 3019 1844 3088 superba

1051 3115 1143 3162 mente
1168 3105 1334 3177 concipiens,
1361 3104 1468 3176 lugubri
1496 3114 1584 3162 morte
1607 3107 1689 3162 vitam
1719 3106 1842 3176 linissct3

1051 3214 1157 3256 nectron
1170 3207 1198 3254 et
1216 3199 1403 3269 antiquitatem
1416 3198 1539 3268 corporis
1564 3198 1764 3270 longinquitate
1785 3202 1843 3270 iare

1052 3291 1181 3359 temporis
1191 3287 1354 3357 ernsuvupti,
1370 3295 1453 3358 atque
1475 3288 1509 3343 ad
1523 3288 1638 3344 nibilum
1660 3289 1688 3343 in
1700 3289 1843 3360 pulvereus

365 2864 403 2919 ile
416 2861 530 2919 cenatio
544 2862 670 2917 lineiumo
685 2871 843 2918 constructa.

242 2958 378 3016 Pretesea
389 2953 538 3013 mitiiicavit
550 2957 577 3011 in
602 2956 703 3027 oppido
717 2954 928 3026 Noviomagensr
952 2970 1003 3011 au·

207 3052 329 3110 siliarum
339 3048 438 3106 Cbristi
449 3047 654 3114 intonasteriuur,
667 3047 712 3103 ubi
725 3056 754 3102 et
763 3047 1001 3118 congregationem

208 3142 462 3215 magnarensium
483 3140 683 3196 iustitutionem
702 3138 858 3207 ,districtam
880 3138 998 3206 indidit;

207 3246 286 3294 terre
305 3248 415 3306 quoque
427 3231 550 3288 redditus
562 3228 730 3287 sufficienter
740 3229 887 3298 delegavit,
902 3239 931 3285 et
940 3244 1000 3284 om·
1012 3261 1035 3324 C

208 3328 253 3382 via
275 3341 336 3398 qum
349 3332 441 3380 essent
456 3320 791 3377 rmonasterionecessaria
814 3321 909 3376 solerti
933 3320 1000 3377 satis

206 3431 271 3474 cura
283 3413 409 3486 providit.
427 3410 481 3468 Sed
490 3418 520 3483 et
533 3411 587 3466 etia
602 3410 686 3465 muita
705 3412 869 3467 rrronasteria
883 3425 1001 3481 quaeque
1150 3473 1155 3484 ¹

207 3507 373 3577 ejusopere,
389 3516 505 3575 quaeque
534 3517 601 3557 vero
626 3500 799 3557 institutione
825 3499 1000 3570 adiscipuiis
1048 3482 1188 3545 9¹⁰⁹⁰⁵¹²⁰

206 3597 266 3668 ejus
295 3601 451 3654 constructa
479 3593 561 3650 bodie
585 3592 658 3648 intra
687 3590 791 3648 Gallias
817 3603 998 3648 naseuntur:
1083 3587 1206 3659 Cumque
1215 3588 1241 3645 ei
1256 3588 1407 3645 istiusmodi
1423 3587 1843 3660 impedimentaairairibnsob·

209 3704 272 3745 nam
287 3687 364 3744 multi
386 3701 421 3744 ex
435 3684 576 3756 discipulis
589 3684 649 3754 eius
662 3682 793 3740 ecclesias
806 3681 997 3746 condiderunt,
1046 3679 1201 3750 jicerentur,
1228 3682 1308 3737 albus
1336 3682 1381 3739 ille
1404 3682 1583 3753 ingemiscens
1602 3683 1715 3739 aiebat:
1741 3684 1841 3753 iioiitr,

206 3780 284 3836 multi
308 3779 474 3835 monasteria
488 3776 636 3834 salubriter
648 3783 788 3841 venerunt,
811 3775 888 3830 multi
915 3776 996 3831 esiam
1048 3776 1155 3844 iratres,
1169 3792 1270 3847 quaeso,
1287 3777 1371 3833 nolite
1381 3777 1513 3848 impedire
1531 3776 1703 3834 devotionem
1732 3794 1838 3845 urearn;

207 3873 234 3927 in
255 3871 375 3941 regimen
399 3866 556 3940 episcopale
568 3867 706 3923 sublimati
728 3866 859 3923 liniesiis
884 3866 999 3937 preiue-
1048 3879 1173 3934 namego
1186 3865 1308 3923 credoin
1323 3869 1479 3923 Creatorem
1500 3882 1601 3934 mcum,
1623 3867 1695 3938 quud
1719 3884 1764 3924 me
1786 3884 1840 3925 uun

207 3973 282 4020 runt.
695 4031 697 4034 y
1048 3954 1202 4022 dignabitur
1218 3965 1293 4012 tento
1309 3959 1447 4023 thesauro,
1465 3965 1624 4028 tantumque
1639 3959 1706 4014 mibi
1728 3962 1838 4017 deside-

490 4127 491 4130 *
508 4029 620 4089 CAPUT
642 4029 687 4086 Ἢ·
1048 4054 1108 4101 rato
1121 4046 1259 4105 fraudare.
1276 4048 1352 4106 'lunc
1362 4064 1427 4118 ergo
1438 4053 1567 4107 attetius
1575 4052 1724 4122 persistens
1740 4053 1840 4109 levavit

207 4143 343 4204 liemaitis
353 4144 385 4201 sl
397 4161 428 4200 eo
443 4155 592 4199 mactarunt
605 4140 903 4225 proiatisrcrpariiuu
924 4148 952 4195 ct
966 4139 999 4196 ds
1048 4138 1201 4195 triduanum
1220 4139 1365 4211 jejunium,
1380 4151 1463 4214 atque
1487 4145 1593 4200 enixius
1607 4144 1706 4200 Cbristi
1731 4143 1841 4200 Domini

308 4270 314 4279 ·
430 4213 621 4271 5³¹'‘'⁸¹⁵⁰'²⁶3·
638 4214 767 4280 omum·
1047 4232 1213 4290 divinitatem
1235 4250 1297 4291 eum
1323 4235 1449 4309 lacrymis
1473 4252 1599 4303 exorans,
1624 4239 1699 4292 ravit
1723 4253 1778 4294 non
1805 4252 1837 4294 se

241 4333 309 4388 iiuic
329 4331 421 4402 itaque
434 4332 494 4387 viro
515 4329 684 4386 sanctissimo
708 4329 779 4384 inter
791 4338 889 4385 cetere
911 4328 997 4384 virtu·
1048 4330 1122 4401 prius
1135 4331 1282 4402 quidquam
1298 4332 1432 4387 alimoniae
1444 4341 1629 4401 accepturum,
1654 4347 1737 4401 quarn
1752 4348 1841 4388 ruere·

1049 3380 1152 3437 redacti
1162 3379 1335 3450 objicientes,
1346 3381 1515 3435 conabantur
1529 3393 1592 3436 euru
1606 3394 1622 3435 a
1635 3387 1730 3451 erepto
1742 3383 1845 3439 nectis

1202 3485 1342 3526 revocare.

124 4472 127 4477 ,
205 4431 386 4479 tumsuarum
411 4421 553 4485 miracula,
569 4420 595 4475 id
617 4420 700 4474 etiam
726 4419 997 4476 alteminoconces·
1043 4430 1123 4478 'retur
1137 4421 1321 4479 desideratum
1336 4423 1476 4495 percipere
1487 4435 1600 4483 vetunt:
1620 4435 1694 4479 taum
1719 4440 1840 4496 matrique

205 4526 265 4566 sum
279 4519 338 4565 erat
365 4518 396 4565 ut
407 4519 563 4565 sauctorum
580 4519 727 4580 martyrum
738 4524 933 4581 corporaque
948 4524 997 4581 per
1047 4524 1107 4569 erat
1119 4514 1143 4570 ei
1159 4511 1237 4582 iltius,
1253 4523 1380 4584 tacitaque
1393 4514 1553 4580 constantia,
1573 4513 1782 4589 utplesanue
1798 4515 1840 4571 sic

205 4600 353 4656 totsaeeuia
366 4598 456 4655 abdia
476 4599 582 4669 pupulis
605 4600 734 4655 hacteuus
756 4601 935 4669 habebantur,
959 4616 993 4656 eo
1008 4601 1170 4666 Diacieuda
1184 4606 1353 4675 praeveniret,
1379 4612 1505 4676 tanquam
1528 4604 1583 4673 jam
1607 4603 1839 4673 secuerunt,

123 4761 127 4767 Ι
206 4691 386 4761 bresttgante
400 4704 432 4745 ac
446 4690 529 4746 nimio
544 4690 641 4746 ardore
655 4691 716 4747 ilici
732 4692 875 4761 indagante
889 4691 994 4763 patela-
1046 4708 1128 4769 atque
1153 4711 1347 4767 riorrnunquam
1369 4696 1406 4751 ita
1421 4712 1481 4752 cum
1505 4695 1582 4763 lieo,
1606 4676 1839 4767 omnimodum

204 4795 248 4843 eta
270 4802 295 4855 pv
304 4786 449 4842 ederentur
463 4803 470 4840 :
497 4785 630 4856 siquidem
654 4787 782 4841 nonnulla
798 4785 996 4842 venerabantur
1046 4804 1108 4845 cum
1124 4797 1235 4844 terreno
1249 4804 1299 4843 suo
1314 4788 1472 4857 loqueretur
1484 4786 1604 4853 domino,
1619 4801 1652 4843 ac
1667 4787 1840 4858 propositum

204 4878 279 4948 prius
302 4875 418 4947 rpopulo
432 4876 458 4931 in
483 4875 549 4931 locis
567 4875 665 4945 quibus
680 4891 734 4930 non
758 4885 845 4942 erant,
862 4883 890 4930 et
904 4886 994 4932 vaureu
1046 4882 1117 4953 quod
1128 4884 1186 4952 ipse
1197 4888 1338 4946 statueret,
1355 4879 1380 4934 id
1396 4878 1629 4949 beomeompiere
1654 4879 1840 4935 indubitanter

204 4983 259 5040 quo
270 4967 296 5023 in
310 4968 372 5024 loce
386 4967 485 5023 certius
495 4967 604 5023 inuncta
615 4974 781 5035 tererentur,
793 4982 903 5039 prorsus
918 4965 996 5036 igno
1046 4969 1172 5028 crederet
1194 4987 1201 5024 :
1226 4972 1297 5025 unite
1320 4968 1400 5025 etiam
1426 4985 1487 5024 cunr
1517 4985 1533 5025 a
1557 4968 1646 5024 enutris
1677 4969 1840 5028 deturbare·

203 5063 324 5121 rsbatur.
343 5059 381 5115 iix
403 5075 437 5115 eo
451 5074 517 5129 ergo
540 5068 732 5130 temporeque
748 5061 848 5131 Eligius
872 5059 994 5132 pontiiex
1047 5071 1099 5131 tur,
1127 5061 1251 5118 dicebat:
1274 5060 1326 5126 Tn,
1352 5060 1448 5131 inquit,
1474 5059 1589 5117 Domine
1610 5058 1686 5127 iesu,
1707 5062 1755 5131 qui
1779 5077 1839 5118 usn·

203 5163 388 5222 consecratus,
403 5162 432 5208 et
442 5153 567 5208 Ecclesiae
578 5162 671 5224 paster
684 5162 726 5210 est
736 5153 825 5220 datus,
839 5155 873 5231 ab
883 5170 917 5211 eo
928 5171 996 5211 non·
1048 5155 1090 5210 nin
1105 5156 1175 5209 nosti
1190 5153 1343 5224 priusquam
1356 5151 1432 5214 baris,
1458 5162 1486 5206 tu
1499 5152 1552 5208 scis
1577 5151 1649 5223 qnod
1672 5154 1726 5208 nei
1752 5154 1839 5209 mani-

204 5244 276 5299 nuiia
290 5243 399 5298 inventa
413 5244 520 5314 populis
533 5252 598 5300 eunt
611 5243 763 5313 deciarata;
779 5259 813 5300 ex
827 5244 925 5314 quibus
938 5244 996 5317 pri·
1046 5246 1174 5303 iestatum
1189 5245 1342 5302 ostenderis
1366 5245 1432 5301 nribi
1457 5261 1556 5316 corpus
1579 5245 1661 5315 inopus
1683 5248 1775 5303 sancti
1800 5248 1839 5305 tui

203 5348 276 5389 mum
298 5347 331 5388 ac
358 5347 493 5390 summum
515 5343 638 5389 sanctum
667 5343 813 5405 martyrem
836 5335 994 5400 Quintinum
1046 5338 1135 5406 testis,
1145 5337 1192 5407 qui
1208 5347 1320 5409 propter
1334 5351 1434 5393 nomen
1447 5347 1572 5393 sanctum
1584 5345 1659 5393 tuum
1674 5352 1773 5408 passus
1784 5348 1838 5403 est,

203 5427 231 5482 in
246 5425 377 5496 principio
392 5425 567 5496 episcopatus
579 5426 621 5481 sui
636 5425 732 5495 grandi
755 5425 882 5482 instantia
896 5427 996 5497 quaesi·
1045 5443 1199 5500 quanquam
1226 5429 1277 5485 sim
1300 5429 1443 5499 indignus,
1468 5445 1606 5500 nunquam
1629 5439 1720 5488 umen
1750 5431 1840 5502 piebis

203 5528 271 5586 tum,
286 5517 352 5572 oiim
366 5531 474 5586 quoque
494 5514 624 5588 celatum,
650 5517 785 5586 promovit
797 5517 887 5588 palam
902 5519 928 5573 in
944 5534 994 5590 pu·
1045 5520 1125 5593 buius
1146 5521 1334 5592 episcopatum
1353 5534 1455 5591 geram,
1469 5520 1519 5578 sed
1532 5520 1608 5577 exsui
1623 5522 1714 5592 potius
1727 5521 1763 5578 ab
1784 5522 1839 5579 bes

203 5608 313 5664 blicam.
339 5606 460 5678 Denique
483 5607 641 5678 priusquam
668 5605 771 5676 liiigius
794 5607 915 5678 ejusdem
940 5609 995 5668 loci
1045 5612 1182 5683 provincia
1193 5609 1288 5682 procul
1297 5610 1432 5678 secedam,
1452 5610 1498 5668 ubi
1525 5619 1554 5666 ut
1567 5611 1679 5681 dignum
1698 5621 1743 5669 est
1766 5614 1839 5671 inter

201 5696 281 5753 datus
293 5704 367 5751 esset
376 5696 530 5767 episeopus,
545 5696 650 5753 exstitit
663 5696 773 5767 quidam
786 5699 828 5753 vir
842 5699 993 5771 improbus,
1044 5698 1347 5771 secretioresque
1362 5701 1446 5757 muita
1458 5701 1470 5755 i
1480 5708 1572 5775 empto
1584 5704 1660 5773 uperi
1676 5706 1838 5776 persistens,

201 5785 334 5842 voeabula
358 5784 512 5854 liaumnus,
536 5796 568 5843 ut
597 5785 741 5845 videbatur
765 5788 875 5860 populis
900 5790 994 5850 babitu
1044 5807 1107 5849 cum
1120 5792 1260 5864 adjutores
1278 5790 1338 5866 elus
1351 5807 1401 5864 per
1423 5792 1529 5850 diversa
1550 5794 1672 5852 sederat
1696 5798 1757 5856 inca
1779 5808 1840 5875 ten·

201 5872 355 5944 religiosas,
370 5880 469 5933 cautor
495 5874 524 5933 in
546 5875 619 5947 regis
634 5874 736 5949 palatio
760 5874 896 5948 laudatus,
910 5889 993 5954 atque
1004 5974 1022 5983 ν
1045 5882 1128 5942 undo
1141 5884 1334 5958 discurrerent,
1345 5883 1501 5959 nullamque
1514 5886 1670 5948 inveniendi
1690 5905 1771 5965 spent
1788 5907 1840 5952 ea·
