3788 6126
123 297 162 356 t3

374 291 624 350 uetcuiuttttl
645 289 711 349 SEU
730 289 841 349 illultt
862 284 962 345 suctu
979 282 1093 353 Antip,
1114 282 1254 342 Plelllll
1274 282 1355 341 lton.
1376 282 1406 340 S.
1425 281 1539 341 uelut.
1732 288 1768 345 lb

207 407 280 463 llitis
290 415 316 461 et
329 404 414 470 lortit,
429 402 558 460 solidator
571 401 655 468 orbis,

127 564 139 583 ο
207 500 275 554 llcta
290 512 427 554 serrorum
445 496 492 552 tibi
510 496 677 551 subditorum

369 588 467 658 Aspice
481 586 611 646 clemens.

243 680 388 750 pangimus
396 679 500 735 clarum
514 677 780 751 cupiditriompbum

205 773 298 828 lieute
311 770 469 842 prudentes,
480 771 560 827 simul
573 778 602 827 et
615 779 767 841 precautes,

204 866 324 923 Sanctus
337 877 364 920 ut
381 878 499 933 praesens
511 879 593 933 super
605 872 677 920 astro
690 862 809 934 prudeus

370 951 424 1008 Nos
433 953 582 1009 benedicat.

245 1046 294 1101 lile
306 1045 368 1100 dum
385 1046 438 1099 rita
449 1044 546 1099 buitur
556 1043 667 1113 caduce,

207 1137 291 1194 Lucis
303 1146 412 1191 eterna
426 1135 516 1190 radies
527 1133 631 1198 videre,

206 1224 319 1280 Visibus
333 1222 422 1277 cordis
435 1219 538 1276 studuit
550 1219 600 1274 sob
612 1218 674 1275 imis

371 1311 467 1367 Fretus
481 1312 515 1366 ab
527 1312 598 1366 altis.

244 1404 350 1459 Nomen
363 1401 406 1458 bio
420 1402 507 1473 Magni
522 1403 668 1459 reserando
678 1403 749 1472 plebi

207 1496 318 1551 t'tribes
331 1494 445 1565 magnis,
465 1494 561 1555 colitur
575 1495 697 1561 celebris,

206 1587 314 1641 erictus
327 1601 343 1640 a
356 1583 432 1640 Gelio
446 1586 549 1656 superis
559 1586 674 1641 amando

267 1682 271 1691 '
372 1678 589 1749 boqmateiarqo.

247 1768 338 1824 llestis
356 1767 486 1824 immitem
501 1771 605 1824 domuit
620 1768 750 1835 lururcm,

207 1862 288 1917 Pacis
303 1872 437 1916 auctorem
452 1861 606 1917 comitando
620 1875 738 1916 suarem.

207 1953 343 2007 omnibus
358 1960 457 2006 cuncta
468 1951 633 2022 placidaeque
647 1952 708 2007 uite
764 1969 767 1976 ·

371 2040 604 2097 llormulsiactus.

251 2132 297 2187 ltle
313 2140 374 2200 poet
386 2132 487 2186 ciarum
501 2130 824 2202 remsuensmsgistrum,

210 2222 278 2291 Eius
287 2223 419 2291 exemplis
433 2221 540 2276 initiens
552 2221 648 2285 beatis,

208 2314 359 2370 Turbidum
372 2313 464 2369 mucidi
478 2314 626 2384 reprobans
638 2314 778 2378 bonorem,

373 2402 473 2459 'serres
485 2404 596 2472 sprevit.

248 2493 349 2561 bpiriut
364 2508 465 2562 pauper
478 2493 529 2548 luit
542 2493 585 2549 bic
601 2493 730 2559 minister,

213 2585 283 2640 llinr
296 2595 325 2640 et
335 2587 362 2641 in
374 2601 458 2656 regno
471 2586 553 2641 micat
566 2586 611 2641 iile
625 2584 728 2650 dexter,

215 2678 289 2730 ilitis
299 2677 432 2744 exstabat,
448 2687 519 2734 tenet
533 2688 613 2746 atque
627 2687 724 2731 terrum

371 2767 435 2824 l'irs
446 2779 594 2841 gerentem.

250 2859 363 2914 l'ervido
376 2860 483 2927 plsnctu
497 2859 577 2914 simul
590 2858 633 2915 bic
648 2860 756 2916 dolebit

213 2950 280 3002 luris
292 2950 405 3004 soletum
420 2950 549 3006 Dominus
560 2964 681 3016 coronat,

212 3036 349 3093 Tristibus
359 3040 467 3107 spretis,
491 3039 670 3112 lacrymisque
685 3044 763 3100 tersis

372 3129 485 3200 Perpete
497 3145 588 3201 regno.
663 3124 747 3188 llire.

254 3221 344 3276 rann
352 3238 385 3277 en
396 3221 489 3292 juste,
503 3225 604 3294 pariter
615 3225 729 3296 sitisque

216 3310 319 3364 [temne
334 3326 489 3380 perpessus,
505 3313 554 3366 luit
568 3311 612 3368 ble
627 3313 731 3379 beatus,

214 3399 292 3455 Unde
304 3401 404 3456 divinis
417 3402 533 3472 dapibus
545 3403 661 3474 repletus

374 3492 479 3546 Gaudet
492 3492 520 3546 ln
535 3493 626 3548 astris.
700 3494 776 3550 llire.

255 3581 306 3635 llic
319 3581 367 3635 init
377 3583 506 3647 clemens,
523 3583 654 3641 miserans
666 3585 796 3642 misellos.

221 3673 286 3739 Ejus
296 3683 323 3725 et
333 3672 418 3725 ludex
432 3670 573 3727 miseretur
586 3675 656 3730 ebus

217 3765 284 3818 lota
295 3778 354 3817 cum
369 3763 461 3817 mundi
472 3766 575 3833 species
589 3766 684 3831 abibit,

376 3853 443 3907 Fine
457 3853 580 3912 subuuo.
654 3856 729 3913 llire.

250 3943 337 3999 sorde
355 3960 416 3998 nam
431 3945 531 4001 mundo
542 3947 592 4002 luit
603 3958 682 4017 utque
691 3963 777 4019 puro,

221 4035 289 4088 ilinc
303 4035 384 4089 mum
397 4036 468 4090 clare
482 4037 578 4091 meruit
593 4039 698 4110 ridere,

220 4127 305 4182 Filius
314 4127 413 4182 summi
427 4129 505 4183 simui
519 4139 548 4184 et
561 4133 650 4186 vocari

380 4221 484 4277 Pacifer
494 4222 561 4291 ipse.
636 4223 710 4280 llire.

259 4308 461 4365 Persecutorem
476 4313 603 4368 toleravit
617 4307 677 4379 iste,

219 4406 297 4456 leusio
311 4402 372 4458 duim
385 4405 468 4467 vonit,
483 4405 646 4476 Dominoque
659 4409 755 4475 reddit,

222 4492 287 4547 inde
297 4495 432 4549 coelmtem
448 4497 543 4551 merito
557 4497 681 4551 decorem

384 4584 502 4640 Possidet
514 4586 580 4655 ipse.
656 4588 733 4642 llire.
784 4602 792 4625 ·

262 4673 305 4725 llis
318 4683 409 4738 quater
419 4675 531 4729 summis
550 4678 688 4745 speciebus
701 4693 764 4733 ecce

224 4763 352 4817 Prtditus
363 4765 486 4832 splendet
501 4766 578 4821 Pater
589 4769 633 4823 bie
644 4770 749 4834 beatus,

221 4853 352 4908 Ominibus
373 4855 449 4908 nobis
463 4855 567 4909 verrium
583 4853 714 4927 mutunus

383 4943 510 4999 Gourierat
521 4946 603 5000 idem.
677 4947 753 5003 ldire.

264 5035 325 5090 bide
336 5051 405 5091 nunc
417 5034 480 5091 coeli
494 5036 608 5091 rutilans
623 5038 650 5091 in
664 5039 734 5106 aulo,

223 5127 307 5193 cujus
319 5136 427 5182 aeternte
439 5128 580 5197 sociusque
594 5136 687 5184 turma

223 5218 320 5273 Nostro
331 5219 449 5288 placatus
461 5218 522 5286 pius
533 5226 563 5272 et
574 5219 705 5289 benignus

384 5312 501 5369 (iriniur
520 5321 615 5384 mque.

263 5403 372 5459 Praestet
383 5403 434 5459 boe
445 5405 523 5459 sebio
536 5405 646 5460 Genitor
656 5408 791 5474 urseris,

224 5494 309 5548 Netos
321 5507 348 5548 et
359 5496 454 5565 pluet
468 5494 548 5551 Petril
563 5495 674 5565 riqorin

222 5586 341 5657 Spiritus
353 5588 438 5643 nocti
454 5589 608 5649 moderante
623 5599 729 5643 nostros

386 5677 498 5733 Lumine
511 5693 615 5735 senstte.
687 5680 763 5734 llire.

940 399 965 458 Α
983 396 1078 453 Vnius
1093 399 1127 450 nd
1140 398 1276 452 solennem
1292 413 1336 467 per
1357 412 1459 520 consor
1474 405 1498 454 et
1512 407 1609 453 monus
1626 402 1767 467 precessio-

1016 484 1074 522 nem
1092 467 1125 521 de
1136 468 1250 540 reliquiis
1270 468 1352 522 sancti
1366 467 1404 522 Ge

1417 467 1446 534 li,
1460 466 1497 523 ili
1515 475 1569 522 turn
1588 471 1767 537 presentibus,

1016 553 1048 591 ee
1062 536 1159 592 eodem.

1017 672 1076 729 iam
1092 671 1180 727 luetis
1195 671 1270 727 turba
1283 668 1394 726 iratrum
1406 685 1471 727 uoce
1485 670 1556 727 dulci
1572 680 1661 738 sonet,

982 760 1116 834 llymnum
1128 761 1208 826 dicet,
1220 771 1248 817 et
1258 776 1353 816 serens
1365 761 1494 830 partiatur
1507 762 1656 828 dragmata,

982 854 1065 909 Dulce
1077 852 1182 923 pondus
1197 861 1225 906 et
1235 851 1342 906 matum
1355 849 1381 905 in
1394 848 1487 905 lectica
1500 850 1633 905 deterens.

1017 946 1155 1003 Scaudens
1167 955 1196 1002 et
1208 945 1376 1001 descendens
1389 945 1460 999 inter
1471 946 1599 999 muntium
1613 945 1741 1010 ennilnia,

981 1037 1113 1096 Silvarum
1126 1036 1272 1092 scrutando
1283 1035 1352 1099 loca,
1366 1033 1527 1106 valliumque
1541 1049 1670 1102 concern,

983 1132 1076 1189 Nullus
1089 1145 1185 1201 expers
1199 1139 1228 1184 ut
1239 1130 1314 1184 locus
1327 1129 1363 1182 sit
1377 1125 1453 1183 istius
1466 1123 1615 1180 solaminis.

1017 1224 1129 1294 lemque
1140 1223 1249 1290 coelum,
1258 1219 1367 1292 jamque
1388 1227 1469 1283 terre,
1480 1215 1591 1286 jamque
1604 1224 1700 1284 pontus
1715 1214 1774 1268 lotr-

1427 1314 1429 1320 '
1680 1305 1684 1376 Ι
1697 1303 1774 1357 dtltns

983 1407 1103 1473 Pleudat,
1117 1415 1197 1477 atque
1211 1405 1419 1474 circumquaque
1429 1415 1480 1457 vox
1493 1398 1591 1454 emissa
1605 1395 1737 1468 plebibus,

983 1502 1128 1555 Auctorem
1147 1506 1303 1567 patremque
1318 1495 1384 1551 tanti
1396 1493 1460 1548 clari
1477 1490 1595 1545 luntinis.

1018 1592 1086 1646 lliuc
1095 1591 1217 1646 exultent
1227 1599 1297 1644 astra
1309 1573 1546 1655 coeii‚'lacteusque
1561 1584 1690 1646 circulus,

983 1682 1063 1754 Siqua
1076 1694 1131 1738 tum
1144 1682 1249 1737 bissena
1264 1680 1370 1744 saltent,
1386 1687 1413 1734 et
1428 1691 1526 1733 corona
1539 1674 1636 1731 nobilis

947 1750 968 1808 Β
983 1778 1152 1844 ornatusque
1165 1784 1236 1828 totus
1252 1773 1300 1826 suli
1313 1771 1450 1826 conditori
1463 1771 1594 1833 coquitur.

1019 1865 1073 1920 llos
1088 1865 1199 1918 istorum
1215 1876 1322 1929 semper
1336 1860 1406 1912 claro
1423 1858 1506 1912 secuti
1522 1859 1611 1909 tironia

904 1984 910 1997 ⁴
985 1957 1125 2017 sanctitati
1142 1963 1309 2012 tantecautu
1322 1968 1495 2026 personemus
1507 1951 1641 2017 bombico,

985 2049 1120 2107 Exaudite
1133 2049 1203 2120 quod
1218 2048 1331 2103 delectet
1345 2047 1432 2100 cuncti
1447 2045 1550 2110 plasten
1566 2044 1672 2099 seculi.

1020 2141 1067 2196 llis
1081 2140 1193 2208 inceptis
1208 2139 1277 2194 adsit
1291 2139 1360 2191 aima
1375 2136 1449 2192 l'elix
1463 2145 1490 2190 et
1501 2137 1664 2191 lireotocus.

985 2229 1265 2294 sustenementum
1286 2236 1414 2299 sequatur
1427 2225 1514 2282 cuiuis
1528 2235 1607 2296 atque
1622 2223 1770 2293 apostulus.

986 2321 1085 2393 llartyr
1097 2329 1125 2377 et
1137 2319 1278 2377 coulessot
1303 2328 1385 2387 atque
1398 2319 1474 2373 turbu
1490 2324 1581 2371 sancte
1594 2317 1735 2383 virgiuum.

1021 2412 1097 2467 Nilne
1111 2409 1274 2479 Redemptor
1287 2417 1314 2464 et
1324 2409 1447 2476 ¹Creator,
1463 2415 1554 2460 nuctor
1567 2407 1622 2461 ueri
1637 2404 1725 2473 gotidii

986 2505 1125 2576 bargiatur
1135 2511 1224 2574 aptam
1235 2501 1311 2556 robis
1324 2499 1428 2554 uirtutis
1442 2485 1577 2559 diducism,

987 2593 1021 2650 tn
1036 2595 1085 2650 sibi
1101 2591 1216 2649 volendo
1231 2591 1321 2675 digna,
1338 2603 1475 2664 captemus
1491 2589 1627 2659 perennia.

1070 2717 1072 2721 ’
1130 2723 1194 2779 ltern
1209 2724 1242 2778 de
1253 2739 1303 2792 qen
1316 2737 1405 2791 sumo,
1420 2723 1555 2792 anonymi,
1568 2731 1618 2778 etc.
1708 2750 1717 2767 ·

1163 2859 1186 2914 0
1203 2866 1292 2912 rector
1304 2854 1488 2923 invictissime,

1129 2951 1283 3019 begumque
1296 2956 1368 3001 sator
1378 2943 1487 3013 inclyte,

1128 3040 1238 3096 Nostrae
1252 3052 1345 3109 preces
1357 3051 1417 3090 cum
1430 3034 1549 3089 carmine

1130 3130 1239 3186 lutendc
1250 3143 1320 3184 nunc
1331 3125 1462 3196 piissime.
1504 3175 1506 3179 ,

1166 3220 1294 3277 'limenda
1309 3233 1352 3273 ree
1363 3228 1404 3272 est
1418 3216 1542 3283 denique,

1132 3312 1322 3368 Prscsumimus
1335 3324 1414 3379 quam
1427 3317 1547 3376 tangere,

1134 3405 1213 3459 llrtus
1226 3412 1268 3458 est
1283 3401 1377 3456 borum
1393 3413 1511 3468 pangere

1131 3498 1205 3563 Quies
1216 3504 1244 3550 tu
1256 3494 1339 3548 beasti
1356 3492 1382 3546 iu
1396 3489 1510 3546 aetltere.

1169 3587 1300 3656 Absterqe
1312 3593 1411 3648 nostru,
1428 3595 1593 3653 quesumus,

1134 3679 1257 3738 Peccata,
1270 3691 1323 3744 que
1335 3670 1532 3729 commisimus.

1135 3771 1171 3826 lit
1183 3779 1272 3824 tenete
1288 3767 1407 3822 membru
1422 3775 1533 3836 tetigere

1134 3861 1191 3915 Nou
1202 3872 1279 3927 poene
1295 3858 1339 3922 sit,
1356 3856 1404 3912 sed
1421 3857 1560 3925 proemium
1645 3846 1649 3854 '

1167 3951 1251 4006 Adest
1264 3948 1330 4003 ides
1343 3950 1552 4017 promptissima,

1134 4042 1275 4112 spondens
1289 4054 1336 4110 per
1352 4039 1401 4094 ista
1414 4039 1502 4091 munia

1136 4135 1190 4190 Nos
1203 4132 1323 4202 adjurari
1338 4132 1449 4194 certius,

1124 4225 1259 4282 *biseedat
1274 4223 1334 4277 binc
1347 4220 1402 4287 iam
1419 4216 1537 4285 pertidus
1549 4231 1558 4270 t

1171 4316 1237 4370 Nam
1250 4312 1366 4379 Spiritus
1377 4325 1409 4364 er
1426 4308 1517 4364 sidere

1136 4409 1198 4463 llaec
1214 4402 1332 4459 creditur
1345 4402 1479 4464 revisere,

1139 4495 1266 4552 Gaudens
1281 4497 1410 4550 intimem
1425 4489 1535 4560 provebi

1136 4588 1301 4656 Quandoque
1315 4584 1480 4640 reddendum
1496 4582 1559 4636 slbi.

1171 4682 1247 4736 Nunc
1261 4678 1372 4746 lingniis
1382 4677 1433 4732 iste
1446 4676 1564 4736 nonnius,

1137 4772 1276 4840 llujnrque
1291 4769 1390 4823 Christi
1405 4782 1526 4820 mttrrcre.

1138 4861 1266 4917 petenen
1279 4863 1347 4912 alma
1364 4861 1459 4926 protis,

1137 4954 1226 5009 Plebis
1238 4952 1334 5005 viantis
1349 4960 1469 5018 pectore.

1170 5045 1310 5098 Portemus
1321 5056 1383 5096 ecce
1393 5043 1486 5095 cernui

1137 5136 1237 5205 Pignus
1249 5133 1354 5188 decoris
1369 5130 1513 5202 splendidi,

1138 5226 1213 5280 Nunc
1224 5226 1303 5294 plane
1318 5237 1387 5277 nune
1402 5236 1449 5288 per
1464 5221 1550 5275 srdua

1138 5319 1178 5372 Ad
1193 5316 1267 5372 sedis
1279 5326 1341 5385 apta
1352 5314 1479 5370 cutnnu.

1176 5412 1224 5466 ilic
1238 5411 1335 5466 civium
1348 5407 1494 5463 coel'estium

1136 5503 1193 5559 bun
1205 5504 1276 5558 clare
1291 5499 1413 5571 splendet
1427 5499 1524 5563 obuia,

1139 5595 1177 5648 tic
1190 5608 1329 5665 compares
1344 5588 1464 5645 ildissinti

1140 5689 1288 5754 iunqnntur
1298 5697 1345 5737 ore
1360 5682 1454 5742 nobiti,
