3788 6126
202 352 259 411 -ttt

848 336 876 390 S.
899 331 1037 389 littetttt
1056 329 1201 387 attuxtts

1794 322 1846 381 ill

207 484 269 526 nent
287 476 485 539 percurramus,
501 459 565 514 dum
583 468 662 523 supra
682 455 846 505 memoratus
860 445 1027 507 baccini-i
1044 432 1845 508 reinevaderepestem‚pctulantiimportunitateimpndlens

207 578 253 621 rtts
267 560 403 630 prolatam
415 554 544 624 perlicere
557 555 701 604 conaretur
713 541 866 606 sedetiam,
879 538 994 595 sordium

207 654 325 725 perlecta
339 645 531 721 predestinata
546 635 754 695 constructionis
770 631 881 695 lubrica,
895 644 994 700 repeta-

208 745 268 796 tlnn
279 742 397 795 irruente
411 735 519 788 interitu
539 730 590 785 hac
605 735 735 800 praesente
750 720 894 781 crudeliter
908 719 996 797 caruit

204 833 270 884 ‚rien
288 830 321 883 Et
336 826 518 883 infelicitatem
538 835 625 876 rituam
649 819 675 872 in
699 815 757 885 ipsa
777 826 848 882 sape
872 808 995 866 revoluta

206 919 312 987 reliquit
327 915 476 982 nattiragia.

240 1032 285 1088 53.
298 1030 365 1086 Cum
379 1030 460 1097 igitur
475 1028 544 1081 imm
562 1026 619 1092 ipsa
633 1019 768 1088 haretivagi
783 1017 873 1074 saeculi
889 1013 995 1086 procel-

205 1132 291 1186 larnm
307 1130 373 1183 freta
388 1129 496 1182 demum
509 1125 617 1194 angoris
631 1119 793 1177 moeroribus
804 1111 925 1171 crebrius
938 1120 994 1161 nta-

205 1232 313 1279 ceratus
330 1222 429 1276 littorls
450 1222 550 1274 niterer
563 1218 696 1284 attingere
709 1220 828 1282 11111111,
846 1200 994 1258 vetustiori·

206 1326 267 1369 attus
278 1314 393 1382 deniqne
410 1311 522 1365 amulas
535 1308 621 1363 solitae
635 1304 743 1359 malitiae
759 1297 877 1354 carveitat
889 1289 995 1354 orlivvm,

203 1414 233 1460 et
256 1405 408 1459 norissima
421 1400 602 1456 subversionis
623 1403 782 1453 consuetum
797 1392 930 1457 praeparat
944 1382 995 1434 int·

204 1497 396 1566 perlivueutum.
428 1492 514 1559 Elegit
545 1502 661 1558 namquo
685 1481 877 1554 nequissimum
910 1471 995 1569 cirum

203 1587 278 1643 laisa
303 1583 509 1654 nuncupationis
531 1579 639 1636 nortviue
660 1577 776 1639 tostum,
793 1570 878 1625 lazana
893 1572 997 1628 ergon>

202 1677 358 1749 pn-tlttsatts
382 1675 524 1733 tarrtillum.
546 1687 578 1728 ac
601 1669 746 1726 teterrima
768 1657 880 1717 visionis
904 1650 997 1709 colore

203 1768 349 1822 botontino
369 1766 485 1821 nationis
499 1762 676 1832 AEthlopmn,
690 1758 857 1816 extrinsecus
870 1750 940 1805 enim
954 1743 994 1817 pi·

202 1878 251 1918 cca
267 1870 329 1917 cute
344 1862 421 1916 lorvo
432 1860 544 1916 sordeas
557 1860 663 1923 obtutu,
676 1857 702 1909 in
716 1852 806 1910 cordis
818 1864 883 1903 vero
894 1858 992 1900 arenata

202 1954 303 2022 nigrior
317 1954 408 2007 existit
429 1952 535 2021 penitus
556 1953 649 2006 corvo.
669 1946 789 2015 Corpore
813 1939 921 2009 nitidem
935 1934 996 1990 exi·

204 2060 303 2116 garum,
327 2046 374 2099 sed
397 2045 538 2098 cautinum
560 2039 722 2096 facinoribus
744 2034 895 2104 copiosum.
919 2027 997 2083 llum

205 2144 299 2190 eovvtra
322 2133 488 2187 vrvlnutatem
509 2146 607 2198 viteam,
626 2142 669 2183 me
684 2126 829 2199 perniciter
840 2122 994 2183 resistente,

203 2225 397 2279 onlinarerunt
419 2225 614 2294 presbyterum.
638 2219 690 2286 Qui
714 2231 763 2288 pro
788 2213 861 2269 nulla
875 2212 928 2266 alia
942 2209 997 2263 cle·

204 2316 294 2370 ctione
305 2315 338 2369 ad
349 2315 421 2369 bunc
431 2313 553 2383 pervertit
563 2312 706 2374 honorem,
719 2309 768 2363 nisi
778 2307 839 2374 qnia
851 2319 899 2373 per
910 2303 996 2370 ipsum

204 2407 355 2462 nvultilaricc
369 2405 511 2462 dementiae
526 2405 717 2471 temeritatem,
734 2407 847 2472 propter
860 2398 913 2466 ioci
927 2396 996 2450 hila·

202 2498 321 2561 ritatem,
335 2497 448 2551 lvrxorlxc
462 2496 607 2566 petulantis
619 2494 752 2549 diversam
766 2488 911 2559 assunvpsit
924 2499 998 2541 seur·

203 2590 342 2652 rilitatem
357 2595 438 2657 atque
451 2588 559 2642 mostra
572 2584 783 2655 comparationis
795 2583 851 2637 lira
862 2582 997 2634 mu'ecnte

203 2679 360 2750 perducitur
380 2688 448 2733 arte.
474 2676 526 2733 Per
547 2692 628 2748 qnam
652 2676 796 2732 multarunt
818 2682 830 2711 ⁸
854 2672 996 2728 domorum

204 2770 328 2825 conaris
342 2773 432 2826 voraci
454 2779 628 2841 percurrente
645 2767 765 2833 lascivia,
780 2764 924 2821 catvtilenae
938 2776 997 2817 nvo

205 2860 340 2916 dolamine
353 2861 513 2932 plerumque
525 2859 657 2931 putendi
676 2858 788 2929 adeptus
801 2864 844 2912 ert
856 2852 997 2910 celebrita-

204 2952 239 3008 tlr
253 2953 408 3009 meloilam.
429 2952 493 3008 Post
512 2953 580 3007 tanti
595 2950 706 3007 honoris
727 2950 821 3005 imam
842 2944 996 3001 tenverltrte

205 3042 306 3112 iniuste
318 3043 443 3115 adeptam
457 3043 670 3107 tintinniacum,
686 3054 767 3095 sosas
788 3046 830 3094 est
843 3037 924 3091 etiam
948 3049 997 3104 per

1046 547 1153 600 sorttpcr
1163 543 1351 601 prorumpens,
1363 536 1391 581 rt
1404 524 1585 582 mendicitatis
1606 539 1672 579 nveae
1693 522 1844 593 hospitium

1046 614 1845 689 borarelectionisimpudenterorliensproeharitatecnn-

1046 710 1186 765 solutionis
1202 708 1266 763 tnibi
1280 704 1437 763 furibundus
1448 692 1665 776 intulitjnrgimn
1679 694 1844 770 atrocitatis,

1046 807 1074 854 et
1087 799 1163 853 nohis
1174 799 1200 853 in
1214 798 1344 854 charitate
1359 788 1589 861 revivescentibus,
1602 794 1645 849 ille
1654 796 1782 864 superbia
1796 788 1845 850 ve·

1047 892 1129 945 sanim
1143 907 1198 945 suas
1212 900 1293 961 atque
1307 889 1438 943 ebrietate
1454 895 1582 955 vexatus,
1597 888 1670 942 velut
1684 885 1761 943 canis
1776 888 1845 942 invi·

1046 979 1123 1045 dens,
1144 980 1253 1034 raltidus
1267 994 1350 1050 super
1363 976 1477 1033 nolendo
1491 976 1624 1040 convicia,
1641 974 1768 1033 lrcmiens
1780 976 1845 1032 stri-

1046 1073 1113 1125 dore
1127 1071 1262 1137 dentium,
1278 1084 1462 1141 spumansque
1477 1084 1523 1125 ore
1538 1066 1702 1143 lymphatico
1724 1068 1844 1124 baccha-

1047 1161 1169 1237 bundus,
1191 1160 1307 1232 propriis
1321 1177 1364 1216 ure
1380 1163 1499 1216 lacerare
1514 1158 1637 1215 manibus
1652 1161 1800 1215 nitebatur.
1816 1158 1846 1216 ln

1048 1263 1120 1307 tanta
1135 1253 1237 1309 exarsit
1248 1253 1301 1306 odii
1313 1254 1434 1308 cecitate
1445 1250 1597 1318 frustratus,
1611 1262 1691 1325 atque
1706 1252 1846 1308 invidiosae

1048 1345 1174 1417 nequitiae
1198 1344 1303 1398 llauvvaa
1324 1358 1481 1405 succensus.
1506 1353 1534 1397 ut
1556 1359 1604 1399 nec
1618 1352 1681 1399 ante
1695 1360 1846 1401 sacrosan-

1048 1444 1120 1490 ctum
1138 1450 1284 1505 pepercere
1300 1434 1434 1488 altari-un.
1452 1432 1545 1505 ibique
1561 1450 1604 1488 vne
1618 1435 1786 1504 gravissimis
1802 1436 1846 1490 iu·

1046 1526 1124 1595 iuriis
1133 1526 1363 1592 irritecnnlusum
1374 1525 1424 1581 uisi
1437 1524 1525 1581 iratris
1534 1516 1727 1583 intercessione
1735 1526 1845 1584 latissem

1049 1627 1187 1688 satrapum,
1205 1618 1275 1671 lerro
1297 1633 1340 1670 nte
1355 1617 1381 1672 in
1407 1626 1552 1688 cnttspectu
1576 1617 1722 1673 vasallorum
1738 1618 1847 1676 rabiens

1045 1705 1171 1776 jugulare
1186 1708 1344 1762 conabatur.
1362 1702 1425 1761 Post
1440 1707 1506 1760 tanti
1522 1705 1620 1761 luroris
1634 1707 1767 1761 insaniam
1784 1716 1847 1761 tan·

1009 1811 1031 1869 g
1046 1799 1221 1865 doctissima,
1237 1799 1276 1854 sic
1291 1799 1406 1868 denique
1427 1798 1454 1854 in
1480 1798 1598 1855 amentia
1617 1814 1723 1864 ver-us,
1739 1797 1847 1867 iniustas

1046 1888 1226 1958 snsceptionis
1241 1887 1362 1943 ordinem
1378 1887 1489 1955 oblitus,
1504 1886 1607 1956 evulgari
1618 1888 1670 1940 ritu
1685 1887 1712 1941 ia
1727 1888 1847 1943 obscena

1047 1978 1184 2034 theatrice
1199 1978 1310 2032 luxuriae
1327 1976 1457 2045 vertigine
1472 1976 1632 2042 rotabatur;
1648 1975 1711 2030 dun
1726 1975 1847 2030 circnm-

1046 2068 1132 2126 ductis
1156 2070 1208 2125 huc
1233 2070 1348 2141 illucque
1372 2069 1499 2136 ltrachiis,
1520 2067 1573 2122 alio
1596 2066 1622 2121 in
1646 2066 1707 2122 luco
1730 2066 1847 2122 lascivos

1047 2162 1212 2232 conglobans
1236 2162 1335 2233 pedes,
1350 2161 1470 2231 vest'giis
1487 2159 1707 2215 ludibricantibus
1720 2159 1847 2217 circuens

1048 2252 1167 2324 tripudio
1180 2251 1348 2324 compositis,
1364 2260 1390 2305 et
1407 2250 1526 2305 tremulis
1541 2248 1677 2319 gressibus
1690 2247 1846 2315 subsiliens,

1048 2340 1150 2398 nelaria
1166 2341 1300 2397 carvtilena
1316 2338 1461 2395 ritortilenn
1481 2338 1636 2395 ballimatiae
1651 2338 1708 2393 dira
1723 2338 1847 2395 carmina

1050 2448 1161 2497 canens,
1186 2432 1325 2488 diabolicae
1355 2428 1438 2502 pestis
1456 2431 1601 2485 exercebat
1626 2429 1772 2483 lusoriam.
1802 2428 1848 2487 Sic

1046 2526 1147 2594 quippe
1161 2531 1312 2578 exaestuans
1326 2536 1432 2576 varersus
1445 2522 1517 2587 vino,
1539 2519 1695 2575 tevnulentia
1710 2518 1845 2590 sepultas,

1047 2623 1077 2669 nt
1093 2611 1210 2669 ebriuskt
1227 2613 1290 2683 pati·
1301 2611 1380 2667 hatur
1393 2610 1464 2666 sitim
1479 2618 1507 2666 et
1522 2610 1638 2667 esuriem
1654 2625 1784 2675 romens;
1799 2596 1847 2681 qai

1046 2719 1141 2760 sorano
1161 2702 1276 2768 deditus,
1291 2701 1481 2772 desidiosoque
1494 2708 1604 2772 torpore
1618 2700 1774 2766 obvolutus,
1791 2714 1847 2756 non

1046 2805 1105 2854 erat
1119 2796 1188 2850 irater
1201 2796 1297 2849 crebro
1310 2792 1486 2863 penitentibus
1502 2790 1607 2864 hymnis
1620 2790 1666 2846 llei
1678 2789 1842 2846 ducentibus

1046 2897 1150 2945 noctes.
1165 2887 1307 2956 Nunquam
1318 2885 1385 2939 tales
1399 2890 1488 2956 pestes
1502 2880 1624 2939 Christus
1639 2882 1740 2939 babere
1750 2882 1846 2953 digna-

1047 2985 1089 3032 tus
1103 2983 1259 3032 estservns.
1697 2972 1700 2979 '

1081 3065 1126 3123 35.
1151 3066 1287 3122 interdum
1316 3065 1348 3119 ad
1373 3063 1518 3120 iuhustum
1543 3062 1632 3119 rordts
1655 3062 1709 3118 mei
1733 3061 1846 3119 crudele

205 3134 360 3207 hypocrisin
380 3134 570 3196 simulationis,
586 3141 708 3187 sanctam
728 3140 862 3186 temerare
884 3126 1031 3214 religio-c
1048 3158 1172 3216 moewfis
1187 3165 1370 3228 augmemum,
1386 3157 1450 3212 dum
1462 3171 1495 3213 ex
1511 3156 1604 3212 eadem
1619 3157 1700 3225 ,lu-am
1717 3155 1847 3226 msam

204 3242 277 3283 rtem.
294 3228 360 3282 Natu
372 3228 479 3297 publice
492 3229 519 3282 ln
531 3226 617 3283 oculis
631 3226 770 3280 hominurn
782 3238 831 3293 per
840 3219 994 3278 sinvolstunt
1047 3268 1106 3307 sum
1120 3250 1324 3322 opulentissima
1339 3250 1431 3314 domo,
1448 3267 1482 3304 ex
1496 3264 1560 3321 qua,
1575 3248 1644 3304 sicu,
1662 3247 1780 3319 pridem,
1795 3246 1846 3303 do.

205 3320 324 3375 babitmn
339 3321 479 3390 perderem
493 3319 676 3387 sanctitatem,
692 3319 718 3374 in
734 3315 846 3373 occultis
860 3326 925 3370 vero
936 3313 993 3368 dia·
1046 3342 1203 3399 menonis
1226 3357 1370 3413 pommus
1392 3340 1496 3411 fueram
1519 3328 1741 3405 commmionm
1765 3342 1802 3396 m
1817 3348 1846 3397 e,

205 3414 320 3472 ¹'0'i0im
334 3421 497 3485 ⁰9⁰¹³''³¹¹¹‘
512 3414 691 3484 illumian·
1045 3432 1153 3491 solitam
1167 3431 1321 3488 relectionis
1336 3431 1433 3503 stipem
1456 3440 1538 3501 atque
1562 3432 1701 3486 charitatis
1716 3430 1845 3486 consola-

240 3529 283 3584 51.
302 3527 366 3584 Post
380 3528 553 3584 novissivnntn
573 3529 663 3600 itaque
679 3522 863 3582 subversionis
877 3535 997 3578 commo·
1048 3525 1149 3580 tionem
1165 3518 1241 3595 saeqve'
1250 3523 1427 3595 perciperem,
1441 3522 1531 3577 subito
1546 3520 1618 3591 regia
1640 3520 1740 3577 luroris
1753 3520 1846 3577 sceris·

206 3619 367 3689 nitionlsque
394 3635 460 3675 mese
487 3618 653 3689 vtatthagium
677 3618 711 3673 ab
735 3617 860 3673 carnibus
886 3612 997 3668 relictus
1047 3616 1115 3671 sima
1128 3616 1249 3671 irruente
1268 3616 1420 3681 sententia,
1436 3614 1559 3684 protinus
1580 3625 1728 3669 tnemorata
1747 3610 1845 3672 drvrous'

206 3725 265 3765 sum
280 3711 364 3776 solus,
379 3719 406 3765 et
420 3726 434 3764 a
446 3710 519 3766 nullo
532 3712 641 3782 capiens
652 3708 846 3766 eoas-tattonis
857 3706 996 3771 auxilinm,
1047 3708 1075 3763 io
1089 3706 1256 3764 atrocissima
1272 3706 1455 3762 subversionis
1467 3705 1581 3760 mittitur
1591 3705 1750 3760 vastatione.
1765 3702 1845 3775 llius·

207 3800 258 3855 uisi
274 3816 355 3856 onum
370 3801 555 3857 tavxtuunnodo
570 3801 656 3871 reperi
670 3801 779 3856 levitam
796 3797 900 3854 bantini
920 3792 998 3851 Chri·
1048 3811 1101 3869 quc
1114 3799 1216 3869 proprii
1230 3796 1352 3854 harcies
1362 3797 1550 3868 comprehensi
1565 3797 1735 3867 pruoerrimm
1757 3797 1845 3868 eapti-

207 3890 323 3947 ttianuvn
339 3889 534 3957 fidelissimum,
551 3891 627 3960 civicis
641 3891 764 3945 meritum
777 3876 937 3945 vocabulum
951 3899 997 3939 co·
1048 3887 1138 3945 vitatis
1152 3887 1292 3945 dirissimis
1301 3891 1455 3958 relegantur
1470 3887 1582 3944 exsiliis.
1598 3886 1654 3958 Ego
1670 3902 1735 3943 sero
1750 3884 1844 3944 infelix

207 3981 352 4038 mitabatur
362 3998 450 4048 suurn,
465 3984 574 4038 notitiae
587 3978 765 4053 Simplicium,
780 3981 899 4050 quicum
915 3978 997 4034 rtimia
1048 3996 1102 4037 non
1115 3980 1203 4037 solum
1219 3979 1314 4036 taedia
1326 3978 1473 4051 exiguitate
1495 3980 1635 4050 indiguus,
1651 3979 1698 4035 sed
1714 3987 1742 4035 et
1756 3978 1844 4036 subsi-

206 4074 349 4133 dileetiose
373 4076 512 4132 charitatis
536 4091 602 4130 nvem
623 4076 649 4130 in
664 4091 741 4130 soram
757 4073 892 4129 humliter
912 4072 998 4128 susci·
1047 4073 1092 4130 dio
1108 4072 1299 4129 consolationis
1323 4072 1466 4127 destitutus
1489 4072 1617 4139 roman-i,
1639 4072 1780 4128 acerrinvm
1795 4087 1844 4129 rte·

207 4171 282 4241 plens
295 4168 450 4242 hospitium,
467 4186 580 4239 ctttttqtte
594 4186 654 4226 cum
670 4183 774 4224 summa
788 4165 939 4224 obedientia
953 4166 999 4220 la·
1048 4163 1181 4220 cessitatis
1193 4163 1308 4219 tabicam
1324 4163 1423 4219 ducens
1437 4163 1529 4218 vitam.
1547 4163 1612 4217 Duru
1627 4163 1708 4218 etiam
1729 4178 1843 4220 numero

208 4258 369 4319 miliaritatis
382 4260 408 4315 in
421 4276 463 4316 nte
475 4260 596 4339 studeret
607 4260 777 4330 obsequium,
790 4269 817 4314 et
831 4272 880 4313 nvvs
893 4265 998 4311 tantum
1048 4258 1141 4328 viginti
1163 4257 1291 4314 continui
1305 4271 1436 4312 antrorum
1455 4269 1465 4297 ⁰
1482 4259 1613 4312 irvvvnensn
1626 4257 1715 4327 spatio
1731 4258 1757 4312 in
1772 4271 1845 4328 sape

208 4350 263 4406 cluo
275 4336 305 4406 'in
329 4352 486 4420 quotidiano
513 4354 634 4409 ecelesiae
655 4367 874 4424 pertusurae-mua
897 4346 998 4415 othrein,
1049 4354 1162 4426 prolatis
1176 4353 1318 4410 dirissimis
1331 4353 1394 4408 vitm
1408 4368 1475 4408 meac
1489 4352 1615 4424 periculis
1630 4352 1728 4408 virium
1743 4354 1845 4408 robore

209 4443 331 4499 incitavit
344 4443 458 4512 denique
473 4444 577 4499 invidus
591 4444 713 4500 diabolus
725 4445 811 4516 ipsum
824 4428 997 4512 saepedic‘tuut
1051 4442 1182 4511 defessus,
1195 4444 1397 4512 latiscenteiam
1409 4459 1534 4511 corpore,
1547 4442 1667 4499 otrvniutn
1680 4438 1846 4498 ceastritmne

210 4532 354 4588 sacerdotii
366 4533 550 4603 ‹approbriunq
564 4544 592 4588 ut
604 4536 683 4591 eiavn
703 4548 757 4604 prat
769 4533 847 4588 nimia
861 4530 998 4586 insidiosae
1050 4537 1233 4593 mervvbmrum
1246 4532 1377 4591 tenuitate
1392 4535 1542 4603 constectus,
1553 4534 1683 4590 anhelans
1697 4534 1844 4605 degerem

211 4626 318 4680 rualitla·
333 4634 406 4694 peste
420 4634 514 4680 crintra
528 4643 577 4682 nos
592 4627 636 4681 diu
647 4627 803 4680 ntaeltiuans
816 4624 917 4686 odium,
930 4620 999 4677 mul·
1050 4630 1156 4686 senilem
1172 4629 1257 4700 pissas
1272 4627 1372 4694 divina,
1386 4642 1446 4698 quae
1461 4643 1596 4700 nunquam
1619 4627 1645 4681 in
1661 4643 1692 4682 se
1703 4632 1846 4697 sperantes

204 4717 243 4797 ¹lis
262 4717 521 4788 supplantationibus
547 4717 649 4774 fallacis
672 4718 795 4772 anvrnttae
810 4731 865 4770 sttac
879 4714 1000 4770 incutere
1050 4721 1228 4789 obliviscitur,
1243 4719 1363 4774 misereri
1377 4736 1459 4791 super
1470 4718 1574 4790 ignavia
1588 4716 1754 4774 infelicitatis
1768 4731 1844 4781 111111,

210 4806 340 4867 niteretur
351 4809 579 4881 impedimentum.
595 4811 662 4866 Cum
676 4818 776 4873 autent,
792 4806 935 4880 atliovaute
949 4804 1000 4861 [lo-
1051 4809 1207 4880 respiciens,
1222 4825 1254 4864 ac
1276 4808 1369 4864 videns
1389 4809 1543 4878 exiguitatis
1565 4823 1631 4863 rvveoe
1654 4807 1803 4870 miseriam,
1819 4806 1846 4861 in

210 4899 295 4969 liliata,
311 4899 422 4956 iaedctttii
444 4904 522 4957 nohis
537 4901 636 4956 nullutn
652 4901 786 4957 inveniret
800 4905 999 4970 argumentum,
1051 4916 1163 4959 emrtnsn
1191 4900 1280 4955 saeculi
1307 4899 1413 4970 gurgite
1440 4898 1616 4962 suiloentunt,
1645 4894 1846 4967 praedestinavit

211 4989 318 5047 hamma
331 4991 470 5049 diabolicae
482 4993 630 5049 atrocitatis
639 5008 795 5059 succensus,
810 4992 837 5047 in
851 5005 937 5046 tttcam
952 5006 1001 5060 pu·
1051 4990 1320 5064 cottgruentissinmm
1342 4991 1443 5046 aditum
1464 4990 1509 5046 illc
1531 4990 1589 5061 pius
1605 4988 1708 5053 l‘a-tor,
1734 4987 1781 5057 qui
1798 5000 1846 5055 pro

211 5083 623 5149 ltliccinsiliitcoritutneliam,et
633 5085 826 5141 crebrocorarn
837 5080 999 5138 multismiltl
1052 5085 1147 5142 ovibus
1160 5084 1215 5138 snis
1231 5082 1339 5136 tradidit
1353 5082 1469 5135 animam
1490 5097 1576 5147 artant,
1594 5096 1646 5133 nrm
1661 5078 1784 5147 despexit
1799 5090 1844 5132 rc·

211 5173 348 5231 inlamlnm
363 5175 545 5231 cottvieiurum
563 5177 688 5245 irrogavit
700 5158 868 5241 scandalum.
886 5174 912 5228 ln
926 5181 1001 5228 tanta
1051 5176 1092 5232 lut
1113 5178 1147 5232 de
1167 5175 1305 5244 vtavtlragio
1330 5174 1530 5243 prolvvnrlissimi
1546 5173 1626 5227 attaris
1643 5171 1775 5240 percitam
1791 5168 1845 5225 eri-

211 5265 576 5323 anuastreocalensium-„e
590 5265 723 5322 deruanus
737 5266 1002 5335 truculevvtus,atquc
1052 5286 1116 5340 pere
1131 5286 1220 5333 avverti,
1237 5279 1264 5324 ct
1279 5269 1311 5324 ad
1327 5269 1425 5323 littoris
1448 5284 1519 5338 sreqte
1541 5268 1723 5324 desideratum
1744 5264 1844 5335 perdo·

129 5384 142 5399 ν
213 5359 283 5419 ini-m
296 5356 400 5412 licabile
421 5357 560 5412 ebrietatis
583 5356 738 5411 temulentia
763 5355 891 5421 irretitus,
909 5365 938 5410 nt
953 5371 1002 5411 nec
1053 5377 1115 5417 erre
1131 5372 1248 5431 portum.

137 5494 139 5498 .
213 5448 295 5502 eima
311 5448 670 5517 rtrtcturnistetrtpnribusme
678 5449 845 5518 permitteret
856 5463 916 5503 esse
929 5448 1003 5517 quie·
1088 5449 1131 5506 56.
1149 5450 1177 5506 ln
1194 5450 1290 5507 lantibus
1305 5446 1317 5487 d
1333 5451 1404 5505 etaim
1429 5450 1599 5519 bergidensis
1623 5450 1752 5505 territorii
1777 5451 1849 5506 inter

214 5549 280 5591 tacu.
291 5539 356 5594 b'am
370 5541 432 5595 dum
444 5541 486 5594 vel
499 5547 633 5595 vincturuo
647 5540 752 5596 silernio
764 5539 871 5610 trrcejus
884 5540 1001 5598 conlido·
1053 5558 1148 5599 erotera
1172 5543 1344 5607 attritasteria,
1359 5543 1436 5612 irrata
1451 5543 1585 5613 quoddam
1600 5545 1752 5609 castellum,
1768 5546 1845 5613 citios

251 5705 263 5732 ⁸
279 5699 316 5752 lta
330 5699 407 5754 Tol:
422 5697 577 5764 Carmani„
589 5701 745 5758 demonum.

1092 5712 1102 5737 r
1120 5699 1191 5766 'l'ul.,
1208 5714 1314 5751 emerso.

250 5766 313 5822 blta
328 5769 404 5836 l‘ul.;
417 5769 536 5839 Curram,
550 5774 675 5841 patiatur.

1089 5766 1101 5806 l
1119 5769 1276 5826 beneventan
1288 5771 1314 5824 in
1324 5766 1484 5824 Carravlctrsi
1498 5765 1568 5821 Cod.
