3788 6126
160 367 213 424 ere
550 366 704 424 sarcellis
722 365 928 424 occlusistis
946 365 1182 425 cauuuctcrtsls
1200 365 1393 426 spiscopus
1681 324 1695 348 ο
1735 373 1787 431 666

161 480 434 541 immutarit
443 479 515 550 regis
526 478 648 547 (Clotasii
659 478 693 550 ll)
703 478 795 535 cilicio
807 477 951 535 defunctus
962 484 990 543 Δ
1001 478 1084 539 iuissc
1097 477 1151 534 654
1165 479 1245 539 docet
1254 477 1437 548 Habilleuiua.
1452 479 1641 543 trabearum
1655 489 1740 547 ,tomo
1751 483 1787 543 lli

160 584 217 638 est;
232 590 285 645 quo
297 574 323 627 in
348 585 458 626 munere
487 584 612 638 nragrranr
641 571 947 641 prudentiae,mquitatis
999 568 1080 643 (Pop.
1094 567 1170 639 552).
1182 567 1294 623 Carolus
1305 567 1425 624 Cointius
1435 584 1500 624 rere
1514 585 1585 625 anno
1595 568 1663 639 6t93
1678 571 1787 628 Gnillel-

160 683 192 722 ae
211 663 371 734 integritatis
388 661 494 714 laudem
521 669 682 716 consecutus
704 669 756 715 cst.
771 659 865 730 Neque
883 674 947 717 vero
998 678 1057 719 mus
1078 661 1149 718 Cave
1164 662 1190 717 in
1211 661 1328 718 Historia
1353 661 1493 726 litteraria,
1512 677 1556 717 an.
1574 661 1644 729 65&
1669 663 1787 735 scriptor

159 772 249 813 rerum
274 751 462 822 temporalium
494 749 658 816 sollicitudo,
679 750 796 809 suillium
826 750 947 833 eoletrdm
1000 756 1066 813 llitse
1079 755 1168 811 sancti
1181 754 1545 824 {issidoriiait‚c.l9‚eum
1561 754 1709 826 proiectum
1724 771 1785 813 esse

159 846 265 901 uirtutis
277 859 309 899 ac
330 843 438 912 pictatis
453 841 480 896 in
495 856 528 897 eo
548 841 590 897 rel
604 840 699 913 leniter·¹
709 840 856 901 inmiscuit.
871 838 947 897 Hor·
995 845 1032 900 ad
1046 844 1175 904 bibianae
1186 846 1351 905 territorium
1373 846 1535 903 abbandum
1550 863 1593 902 an.
1609 848 1640 901 l'l
1653 846 1786 918 sigeberti

159 948 206 994 tuo
224 938 305 992 iratre
324 936 433 992 Rustico
448 935 632 992 Cadurcorum
646 935 785 1005 episcopo,
801 935 878 1006 cujus
892 950 946 989 cae·
997 935 1078 1004 repis,
1093 945 1120 991 el
1135 937 1176 992 sui
1200 936 1372 1008 pontilicatus
1396 933 1442 992 23.
1460 937 1543 993 Paulo
1567 944 1630 1009 post
1644 952 1709 993 vero
1724 953 1786 993 cum

157 1030 218 1085 dem
234 1028 266 1083 al
281 1043 325 1083 an.
342 1027 392 1082 liiii
406 1027 526 1083 reierunl
537 1026 659 1081 Cointius
672 1034 700 1081 et
712 1024 848 1091 llabillon,
859 1025 948 1094 liege-
997 1022 1107 1092 obiisse,
1120 1041 1155 1082 ea
1169 1040 1260 1084 rerum
1277 1027 1348 1083 serie
1368 1027 1534 1098 intelligitur.
1550 1027 1681 1083 Emendat
1695 1039 1786 1084 autern

158 1120 251 1175 bertus
274 1135 334 1186 rex,
357 1118 427 1175 lilius
450 1116 562 1173 clotarii
583 1117 614 1183 ll,
639 1117 747 1186 scripsit
768 1114 802 1171 ad
824 1123 946 1172 sarnetum
998 1120 1069 1176 bune
1087 1122 1254 1196 scriptorem
1271 1121 1402 1190 Coiulius,
1417 1130 1445 1178 et
1458 1120 1515 1176 ruli
1538 1135 1636 1175 annum
1663 1121 1696 1174 li
1711 1120 1788 1189 Sipe·

158 1210 308 1280 Sulpieiom
331 1209 527 1264 bituricensem
549 1209 706 1278 cpiscopmn
728 1202 947 1274 cssubmaaueo
997 1202 1066 1265 berti
1083 1222 1136 1265 noo
1163 1220 1236 1267 anae
1252 1208 1288 1266 25
1316 1211 1486 1281 episcopatus
1512 1209 1652 1276 Desiderii‚
1679 1211 1726 1265 sed
1750 1208 1784 1265 2l

159 1300 186 1354 in
208 1299 297 1355 locum
323 1298 426 1354 Rustici
451 1298 589 1353 Desiderio
613 1297 673 1368 ejus
699 1296 792 1353 iratre.
814 1295 947 1354 Praeterea
997 1312 1057 1356 csse
1069 1301 1235 1373 illigandum.
1250 1301 1332 1357 Nobis
1344 1299 1461 1358 sufficiat
1474 1301 1563 1357 rarius
1577 1299 1710 1356 indicasse
1723 1315 1787 1355 sen·

157 1399 322 1460 preceptum
333 1388 432 1445 direxit
450 1388 502 1442 rad
513 1388 755 1458 episcopos,duecs
766 1395 946 1456 cunctumque
1001 1391 1109 1454 tertios,
1126 1391 1264 1461 inquibus
1283 1391 1451 1460 excutiendis
1464 1389 1509 1446 diu
1526 1390 1663 1445 immorari
1679 1405 1732 1445 non
1749 1389 1784 1443 li·

157 1481 284 1552 populum
292 1476 947 1547 Giliiffllssb’eadssfflsllidcccrcl·miccium.
998 1489 1053 1538 cet.
1069 1480 1107 1536 Ea
1123 1481 1168 1538 lais
1183 1490 1273 1538 tamen
1286 1496 1348 1552 quum
1372 1496 1453 1551 supra
1475 1479 1651 1550 premisimus
1678 1483 1787 1549 agernlo

157 1572 210 1629 etsi
223 1572 311 1628 adbuc
321 1572 433 1639 laicum,
442 1571 477 1625 ob
494 1588 504 1624 r
527 1569 667 1639 angelicos
681 1575 807 1624 moreset
818 1566 948 1624 sacerdo·
998 1571 1033 1626 de
1048 1568 1172 1633 Rustico,
1184 1570 1230 1626 ubi
1249 1570 1414 1627 ostendimus
1428 1585 1500 1625 anno
1515 1568 1567 1623 650
1581 1568 1709 1624 iucboato
1722 1584 1787 1627 sau·
1881 1616 1885 1627 .

157 1661 238 1717 talem
261 1660 529 1717 concenationem»
559 1673 612 1713 uon
640 1671 702 1712 csse
727 1656 762 1711 alt
789 1655 947 1725 episcopatu
999 1673 1071 1717 ctum
1091 1663 1256 1718 Desiderium
1270 1661 1367 1718 lactum
1382 1677 1443 1719 esse
1457 1659 1786 1732 episeopunr,liquetan·

156 1754 301 1809 arcendum
317 1762 442 1822 tanquam
458 1752 639 1822 neophytum,
652 1749 769 1804 maxime
782 1761 843 1802 cum
856 1760 947 1802 acces-
998 1763 1063 1803 num
1076 1747 1140 1814 652,
1152 1747 1236 1805 luisse
1246 1747 1400 1818 vigesimum
1414 1749 1523 1804 tertium
1534 1747 1594 1817 eius
1604 1747 1787 1818 episcopatus,

155 1846 234 1900 sisset
252 1862 261 1895 r
278 1843 377 1898 eiriutn
399 1843 582 1911 abbatumque
596 1839 779 1894 Cadurcorum
799 1856 808 1890 t
831 1851 946 1893 consen·
961 1835 984 1898 Β
998 1855 1052 1910 quo
1065 1847 1175 1898 sauctus
1200 1841 1299 1910 praesul
1325 1840 1462 1910 proiectus
1488 1847 1529 1894 est
1557 1839 1591 1894 ad
1618 1838 1785 1893 territorium

155 1949 210 1988 sus.
233 1932 291 1985 lam
305 1947 370 1987 cero
395 1939 493 2001 qrrauta
521 1929 704 1985 sollieitudine
736 1926 872 1983 commissi
895 1925 946 1981 sibi
998 1928 1139 1996 Alliensem
1152 1931 1232 2000 paulo
1246 1938 1307 2000 post
1321 1945 1386 1986 cero
1399 1929 1524 1998 migrarit
1538 1927 1572 1983 ad
1585 1942 1717 1998 superos3
1732 1928 1786 1983 boc

154 2022 242 2092 gregis
252 2024 382 2080 custodia
404 2023 549 2092 invigilarit
569 2022 681 2092 ejusque
700 2020 779 2075 saluti
800 2032 947 2088 prospere·
995 2029 1048 2089 cst,
1064 2021 1107 2077 rel
1121 2033 1192 2077 anno
1213 2021 1309 2077 eodem
1325 2019 1387 2087 tiss,
1403 2020 1445 2075 rel
1463 2018 1518 2076 655
1546 2020 1666 2075 ineunte.
1682 2018 1788 2089 Corpus

154 2113 200 2179 rit,
213 2127 271 2168 aon
284 2121 327 2169 cat
339 2112 418 2168 iaeile
429 2113 532 2170 dicere.
547 2113 685 2170 lionastici
700 2111 802 2166 ordinis
814 2123 947 2180 propaga·
995 2112 1081 2184 ipsius
1101 2113 1136 2168 ad
1149 2112 1292 2169 eeclesiam
1311 2113 1370 2183 ejus
1388 2111 1571 2167 muniliceutia
1589 2111 1665 2180 prius
1685 2109 1786 2180 insigni

153 2200 221 2256 tioui
236 2202 349 2266 studuit,
370 2201 396 2256 io
412 2202 505 2271 primis
519 2201 604 2256 saneti
625 2198 744 2254 Arnantii
760 2207 838 2254 vetus
850 2211 944 2252 mona·
996 2203 1105 2274 opilieio
1117 2211 1312 2267 constructam,
1337 2203 1451 2269 scilieet,
1473 2201 1558 2256 sarneii
1580 2199 1697 2253 incanuit
1712 2198 1788 2254 deta.

154 2288 265 2342 sterium
282 2304 335 2343 non
347 2289 426 2358 longe
439 2289 473 2343 ab
489 2292 554 2344 urbe
568 2289 658 2344 denuo
674 2287 778 2355 mannis
795 2284 945 2356 sumptibus
996 2298 1063 2359 turn,
1078 2291 1176 2347 ibidem
1197 2291 1287 2347 multis
1302 2291 1375 2346 lulsit
1390 2288 1534 2345 rrriraculis.
1554 2288 1614 2343 Vita
1632 2287 1690 2357 eius
1712 2287 1783 2342 ‹luo-

152 2376 305 2444 rcrlillearit,
330 2386 357 2433 et
385 2377 681 2449 praeiislotarita-ad
704 2377 781 2446 cuim
795 2376 945 2432 dedicatis·
994 2381 1257 2453 incomprehensa
1277 2381 1441 2439 libriaetlita
1459 2389 1501 2436 est
1514 2381 1629 2451 primurn
1644 2379 1671 2433 io
1699 2377 1787 2433 Gallia

153 2483 215 2525 bern
226 2468 349 2525 invitavit
363 2471 493 2540 plurimos
501 2468 658 2541 episteme,
669 2469 696 2527 iii
707 2469 749 2525 lli}
761 2467 871 2525 l‘dbilllll
885 2467 945 2523 Vii'·
994 2472 1159 2539 Chrislhna,
1174 2486 1219 2531 an.
1234 2454 1406 2548 16566666,
1421 2472 1455 2529 ad
1472 2471 1668 2542 hagiographos
1682 2486 1781 2525 amail-
1880 2522 1882 2524 ,

152 2559 313 2628 dunensem,
322 2570 350 2616 ut
366 2562 462 2630 probat
475 2562 603 2617 Desiderii
615 2562 647 2617 ad
659 2579 720 2618 eum
734 2561 860 2632 epistola.
878 2561 943 2615 Cum
994 2567 1111 2623 dandam
1126 2567 1290 2623 censuimus.
1302 2566 1416 2636 Scripsit
1430 2564 1518 2620 varias
1530 2563 1661 2634 epistolas
1675 2561 1708 2616 ad
1723 2562 1788 2616 ami·

154 2663 227 2706 anno
240 2649 466 2723 suiepiseepetus
479 2651 525 2719 65,
548 2652 687 2724 proiectus
706 2659 777 2709 esset
791 2649 944 2707 Deciderint
996 2670 1044 2715 cos
1058 2655 1206 2728 Sulpiciam
1233 2656 1428 2712 Bituricensem
1449 2655 1624 2726 episcopum,
1648 2653 1787 2709 bodonem

153 2739 188 2795 ad
216 2741 372 2797 (Alilienbe
401 2743 564 2799 territorium
590 2753 708 2815 paiemae
733 2743 940 2815 possessiomes
990 2764 1044 2806 m
1079 2749 1238 2805 Audopnum
1277 2747 1542 2817 Rolhompgenseffi
1570 2744 1683 2800 Paulum
1719 2744 1788 2799 vif.

152 2831 332 2898 invisendum,
353 2832 389 2888 ibi
403 2833 429 2888 in
447 2834 528 2889 natali
542 2834 601 2890 solo
618 2834 652 2890 ad
673 2834 811 2899 coelestem
829 2833 943 2905 patriam
993 2839 1070 2909 dun„
1084 2846 1137 2898 etc.
1150 2855 1213 2911 quse
1224 2839 1294 2910 apud
1306 2838 1451 2904 denisium,
1461 2838 1551 2907 Antip.
1566 2835 1651 2899 beet..
1666 2842 1731 2890 tom.
1751 2835 1785 2903 V,

152 2921 278 2988 θ’ῦΙῊῑῑ,
290 2922 400 2978 006660
410 2926 484 2994 l)lius
499 2933 670 2991 ²⁶⁵¹³¹¹¹0⁰¹⁰2
685 2939 740 2994 (1¹¹0
755 2923 876 2981 00665ῑὶ6
887 2938 943 2980 6166
994 2931 1137 2999 libertem,
1151 2939 1180 2986 el
1198 2932 1224 2986 in
1244 2930 1405 2986 bibliotheca
1427 2928 1545 2988 Patruus.
1559 2934 1625 2981 torn.
1647 2924 1787 2981 6116116-

156 3015 313 3088 «quidquid
338 3033 372 3073 ex
393 3029 533 3086 parentum
553 3020 737 3084 successione,
756 3019 886 3090 quidquid
900 3033 944 3075 re·
994 3022 1144 3080 demeditce
1161 3031 1223 3079 sunt
1247 3022 1315 3077 libro
1340 3022 1427 3076 altero
1440 3019 1576 3076 rariorum
1591 3018 1624 3072 ad
1638 3016 1786 3086 illumepi-

153 3105 198 3177 tic
217 3121 341 3174 munere,
356 3107 485 3179 quicqum
504 3109 613 3180 propria
632 3108 836 3180 combustione
848 3107 942 3177 aeqot·
995 3115 1082 3171 elotae
1096 3112 1168 3169 inter
1179 3113 1280 3170 besem
1301 3113 1430 3186 epistolar
1445 3112 1604 3169 litteralem
1617 3120 1786 3179 uniemur,

150 3196 249 3264 simet,
269 3216 278 3251 t
296 3199 419 3256 contulit.
442 3199 510 3256 Eum
533 3201 634 3256 obiisse
656 3216 707 3255 xvu
724 3198 857 3256 Kalendas
886 3200 938 3255 be·
953 3186 977 3253 C
992 3206 1104 3270 scilieet,
1123 3204 1237 3274 decima,
1253 3219 1312 3275 epure
1329 3213 1371 3260 cst
1391 3203 1477 3260 saneti
1501 3201 1571 3262 Galli
1596 3202 1631 3258 ad
1659 3212 1786 3262 salictum

150 3288 268 3345 eembris
277 3289 304 3344 in
314 3288 438 3346 coalesco
449 3297 492 3346 est
506 3290 576 3362 apud
590 3305 686 3348 omnes
700 3304 769 3361 pene
779 3292 938 3362 scriptores.
993 3292 1170 3351 Desiderirmr.

151 3373 192 3432 lla
213 3391 287 3433 anuo
313 3393 379 3436 ucro
406 3380 502 3436 mortis
527 3380 705 3452 disceptatur.
732 3380 840 3437 Annum
866 3380 942 3439 bunc

414 3558 654 3576 m

601 3659 739 3743 VITA
773 3657 984 3744 SANCTI
1011 3660 1332 3752 DESIDERII.

543 3820 812 3891 canunceusrs
834 3818 1009 3887 eeiscorr
1029 3822 1084 3886 ur
1104 3820 1382 3886 concessoris.

149 3975 248 4038 [baum
260 3972 395 4038 exemplari
407 3971 435 4024 ll.
449 3972 474 4024 c.
486 3970 587 4023 Antonii
603 3970 636 4023 de
646 3971 716 4035 l'pon
727 3968 817 4022 domiui
826 3961 1152 4093 :ithlgeemffllhlissumprlema
1174 3968 1297 4031 regiarum
1308 3969 1429 4018 ratianum
1440 3965 1507 4017 eurla
1525 3960 1641 4017 auditoris
1650 3961 1788 4016 emunim

406 4216 521 4276 CAPUT
539 4214 687 4274 enicurt.
990 4214 1034 4282 sit,
1055 4229 1106 4271 uec
1119 4228 1173 4270 non
1186 4219 1214 4268 st
1226 4208 1297 4281 apud
1318 4205 1463 4268 liassiliam
1472 4205 1644 4282 judiciariam
1658 4215 1786 4281 potesta·

186 4313 269 4382 igitur
285 4312 441 4369 Desiderius
467 4309 646 4366 cadurcensis
674 4307 820 4380 episcopus
833 4307 939 4379 Obrege
991 4315 1045 4363 tent
1059 4305 1107 4360 diu
1119 4302 1253 4360 exercuit.

149 4404 297 4460 tiaRiaram
310 4403 412 4474 oppido
425 4403 556 4461 oriundus
577 4401 638 4458 luit.
648 4401 713 4459 llam
731 4401 824 4473 itaque
841 4399 950 4458 cirtio
1026 4394 1179 4457 Desiderius
1195 4409 1261 4453 nero
1275 4407 1381 4450 summa
1396 4402 1537 4465 parentum
1556 4407 1621 4451 cura
1635 4391 1785 4459 enutritum.

127 4526 134 4538 ·
152 4495 179 4547 iu
191 4492 320 4547 extremis
335 4506 404 4560 pene
414 4489 562 4547 Galliarum
586 4491 683 4547 linibus
698 4492 767 4557 sita;
782 4490 938 4562 regionibus
991 4489 1141 4544 litterarum
1155 4486 1250 4543 studiis
1272 4487 1305 4540 ad
1325 4484 1434 4555 plenum
1456 4483 1576 4541 eruditus
1589 4491 1632 4540 est
1645 4499 1651 4538 :
1665 4498 1787 4555 quorum

150 4583 251 4654 quippe
274 4580 479 4649 aquinolarem
507 4589 643 4647 extrema,
662 4582 764 4638 babens
789 4596 804 4636 a
827 4578 939 4636 meridie
991 4575 1127 4647 diligentia
1144 4586 1240 4632 nactus
1252 4583 1304 4642 est,
1317 4583 1378 4648 post
1389 4574 1539 4630 litterarum
1554 4573 1667 4643 insignia
1679 4575 1786 4642 studia.

152 4672 317 4742 procinctam
337 4667 552 4727 Narbonensem.
575 4669 607 4726 lo
628 4670 758 4745 bacerce
780 4671 940 4745 parentibus
988 4668 1208 4740 Gallicaruntque
1231 4666 1415 4736 aloqaentiara
1437 4668 1508 4745 (quae
1523 4665 1564 4725 ccl
1586 4664 1783 4723 dorsetissirna

152 4756 355 4822 honestissimis,
367 4765 397 4813 at
411 4756 482 4827 apud
491 4755 645 4815 Gallicanas
656 4758 772 4817 familias
785 4752 842 4832 prae
856 4767 939 4818 crate·
987 4767 1062 4825 sant,
1071 4758 1113 4813 rel
1120 4755 1229 4825 eximia,
1241 4754 1412 4813 contubernii
1420 4755 1521 4825 reflab's
1529 4750 1654 4811 momnis
1665 4752 1730 4810 inde
1737 4754 1782 4810 di·

151 4850 189 4906 ris
201 4847 383 4918 generositate
398 4847 511 4912 ornatis,
528 4845 680 4904 llesiderius
694 4857 806 4906 exortus
821 4857 871 4906 est.
887 4847 938 4904 Pa·
990 4848 1161 4924 guitaldus),
1175 4863 1207 4905 ae
1226 4846 1321 4903 deinde
1346 4846 1435 4916 legum
1459 4846 1641 4901 Romanarum
1670 4843 1786 4915 indaga-

152 4951 193 4996 ter
215 4938 273 5010 ejus
295 4937 546 5004 christianissimus,
573 4940 705 4995 vocabulo
720 4941 835 5007 salvius,
852 4951 940 4997 mater
989 4939 1055 4997 tioni
1080 4940 1191 5005 studuit,
1207 4943 1237 4993 ut
1260 4941 1411 4993 ubertatem
1426 4937 1525 5007 eloquii
1550 4936 1681 5006 Gallicani
1702 4938 1779 4992 olto·

151 5045 216 5086 uero
243 5028 363 5098 ejusdem
389 5027 514 5090 horresce.
540 5027 755 5087 llarclrenclreda
776 5030 847 5087 dieta
879 5041 938 5098 est:
987 5044 1100 5103 renqtre
1112 5027 1507 5102 grauitassmmonisllornaaa
1523 5033 1696 5101 temperaret.

151 5119 247 5176 iratres
266 5125 356 5174 autem
368 5119 436 5188 ojus,
453 5116 579 5175 Rusticus
599 5126 629 5174 et
643 5117 773 5188 sagatus,
792 5134 855 5175 eum
870 5120 939 5177 dua·
1296 5113 1414 5174 cubuc
1432 5116 1464 5174 tl.

150 5209 201 5264 bus
211 5208 350 5264 sororibus
366 5207 616 5291 aderant:quarum
627 5209 792 5275 umbellas,
807 5209 860 5264 alia
874 5225 939 5265 cero
1024 5213 1163 5269 anutem
1174 5218 1295 5281 tempore
1309 5209 1508 5266 leudebertum
1522 5207 1678 5278 regemp‘am
1694 5210 1784 5266 inter-

151 5300 290 5355 dicebatur
303 5300 382 5355 ilvita
392 5315 399 5353 :
410 5313 426 5354 e
437 5299 533 5369 quibus
544 5298 939 5372 Rusticusaprimispuberta·
987 5313 1125 5377 emptum,
1141 5303 1318 5361 Teuderieum
1330 5316 1408 5371 cipue
1422 5299 1577 5356 defunctum
1592 5316 1599 5365 ;
1621 5300 1784 5355 Bruneebil·

154 5393 188 5446 tis
201 5393 278 5446 annis
291 5391 405 5446 clericus
420 5390 516 5458 laetus,
530 5380 762 5447 archidiaconatus
776 5388 896 5448 oilleiurn
910 5389 937 5446 in
989 5393 1049 5449 dem
1060 5404 1168 5462 quoque
1181 5391 1356 5462 quorumdam
1369 5403 1501 5459 equomm
1511 5387 1623 5457 pedibus
1636 5389 1782 5455 irretitam,

151 5477 218 5533 urbo
233 5476 339 5533 Rutena
365 5486 393 5533 et
410 5478 534 5545 abbatiae,
548 5479 599 5534 sub
621 5476 750 5534 bethario
770 5492 835 5549 rege
849 5478 937 5534 admi·
988 5496 1021 5539 ae
1034 5480 1105 5535 male
1117 5480 1279 5550 discerptam
1305 5479 1417 5534 audivit.
1434 5477 1577 5534 botbarius
1596 5486 1687 5532 autern
1702 5488 1783 5547 pater

150 5569 291 5636 nistrarit;
309 5568 342 5624 ad
355 5569 477 5626 ultimum
493 5571 665 5640 pontificatus
678 5570 834 5641 dignitatem
851 5571 878 5627 iu
889 5568 938 5627 Ca·
988 5568 1080 5641 inclyti
1094 5569 1238 5639 [ingoberti
1253 5568 1437 5624 monarchiam
1451 5567 1525 5636 regni
1539 5567 1614 5624 solus
1627 5568 1751 5633 tenebat,
1765 5583 1783 5624 a

150 5656 261 5714 dorcina
270 5660 338 5715 arbo
360 5659 486 5716 emeruit.
498 5658 630 5732 slagrim,
643 5669 706 5732 post
727 5659 830 5716 diutina
844 5659 937 5731 palatii
987 5673 1042 5730 quo
1054 5666 1112 5714 tres
1124 5658 1254 5728 pernam,
1268 5656 1352 5714 idest
1366 5654 1501 5723 Rusticus,
1516 5655 1648 5726 siagrius,
1661 5665 1691 5712 et
1704 5656 1783 5714 besi-

149 5746 313 5806 rimorum
338 5748 488 5805 ministeria
509 5758 537 5807 et
562 5750 703 5808 lamiliarla
725 5746 843 5806 Lotbarli
865 5750 937 5819 repis
987 5752 1087 5816 (ierim,
1101 5746 1292 5807 florentissime
1314 5748 1437 5815 enutriti,
1464 5747 1580 5805 summis
1598 5746 1782 5818 dignitatibus

149 5840 337 5910 contubernia,
348 5841 492 5899 comitatus
504 5841 662 5914 dignitatem
678 5840 749 5917 apud
764 5840 859 5913 Albine
873 5854 934 5912 ges·
987 5841 1091 5914 pracliti
1104 5846 1175 5896 sunt.
1191 5840 1316 5899 Rusticus
1330 5840 1372 5910 (ut
1396 5836 1504 5911 praeiati
1518 5836 1622 5910 contusi
1640 5838 1779 5896 abbatiam
