3788 6126
132 291 205 347 tuit
699 280 794 338 tttttd:
813 274 963 339 diiiiiTlS
978 278 1202 341 naudaeusts.

136 409 244 457 nturatu
259 396 476 469 ntrrgundutma,
491 393 717 465 qnod'Etotiactts
731 402 841 458 secant,
856 391 927 463 quod
943 390 966 448 n

138 512 168 546 ιι
185 493 274 562 regula
289 491 358 545 beati
371 488 530 545 columbani
541 486 614 542 omui
628 487 775 542 intentione
792 495 820 541 et
836 484 925 540 dero·

139 587 221 640 tione.
234 591 443 644 construxerat,
470 588 567 649 quanta
585 587 612 633 ιι
637 577 724 648 quadie
749 577 812 631 inibi
834 590 924 631 rerum
1012 577 1039 631 5.
1059 577 1170 648 itiaque
1183 594 1276 635 rursus
1289 581 1766 652 postbecoritnrerbortatio.0s2-

135 673 216 729 Sator
227 673 262 726 ab
277 669 436 726 itrnttlarnm
451 683 561 724 suarum
576 666 725 722 hortamina
738 667 865 736 dignatus
878 672 920 719 est
978 665 1039 719 dam
1051 665 1149 722 etenim
1166 669 1240 737 uirgo
1254 669 1402 726 liibitrudis
1417 673 1536 735 nuntiae.
1547 689 1649 743 genere
1662 682 1693 731 ιι
1705 679 1766 733 reli·

130 770 322 821 clemenstraro
335 763 475 818 miracula.
489 763 556 817 cum
579 760 633 829 iarn
652 762 720 814 tluce
732 758 841 813 Citristu
856 756 925 811 mni·
977 755 1056 825 piune
1076 757 1193 828 nobilis,
1218 761 1401 830 supradictum
1422 765 1575 819 cmnoblum
1599 779 1731 820 consessa
1750 784 1766 821 ι

128 854 382 925 ‘tanturpncllarum
407 869 501 909 secrrm
524 850 667 906 adunatam
682 849 732 903 sub
747 846 864 918 regulari
879 846 924 900 di·
975 848 1074 902 saecrrlu
1089 850 1180 917 petiit,
1195 867 1275 922 strum
1291 855 1363 909 reiut
1377 871 1474 912 munus
1487 865 1592 928 pratum
1607 873 1696 913 utana
1710 874 1767 915 nte

125 953 247 1021 ·sciplina
262 950 389 1006 retineret
402 947 551 1006 cohortem.
568 944 682 1017 quodam
698 944 723 997 in
739 953 924 1011 temporeuna
977 939 1084 995 nasterii
1103 942 1184 997 linter
1198 944 1399 1013 burgundofara
1421 949 1530 1016 recepit.
1557 948 1622 1003 Erat
1643 950 1718 1003 etsist
1740 950 1765 1005 ri

127 1041 300 1110 emineatis,
317 1037 424 1094 numine
437 1036 582 1094 sisetrudis
593 1043 623 1096 ι,
638 1032 775 1089 ιιιιιιιιιι
791 1038 925 1085 munaste-
976 1030 1208 1103 cottsnngninitatc
1235 1034 1378 1103 proxima:
1402 1053 1463 1105 utrm
1487 1038 1552 1092 tanti
1575 1037 1684 1093 ardoris
1707 1039 1774 1108 ‘teuc

134 1135 179 1201 rii,
193 1135 293 1189 exitum
306 1132 366 1186 rite
382 1145 429 1200 per
444 1128 633 1183 revelationem
648 1124 789 1194 cupierit,
806 1120 923 1192 qrradra·
974 1124 1147 1189 attemperat,
1159 1132 1189 1178 ut
1203 1127 1228 1180 in
1240 1126 1363 1182 omnibus
1375 1125 1458 1185 sancti
1470 1126 1583 1197 Spiritus
1595 1131 1683 1199 gratia
1695 1128 1722 1183 in
1732 1142 1764 1183 ea
1779 1116 1784 1123 ’

128 1226 262 1295 spirituque
277 1224 379 1277 dicrum
393 1219 479 1289 spatio
494 1216 647 1284 interiectu,
669 1229 721 1282 quo
740 1213 789 1267 iter
814 1219 922 1280 pararet
974 1213 1108 1269 titleretnr
1122 1215 1244 1285 flagrare.
1269 1215 1334 1271 llum
1354 1232 1415 1272 cnut
1430 1217 1517 1273 adbuc
1532 1228 1645 1289 paterna
1661 1218 1763 1275 detine·

131 1313 278 1378 adunanda,
294 1327 383 1366 mores
398 1310 555 1378 corrigeret,
573 1308 652 1360 sitam
668 1303 840 1366 emendaret,
853 1314 879 1356 et
894 1316 924 1356 se
974 1316 1048 1360 retur
1062 1307 1153 1371 donno,
1168 1318 1195 1361 et
1208 1306 1310 1375 Spiritu
1326 1318 1420 1364 sanctu
1435 1319 1560 1364 monente
1575 1324 1607 1364 ee
1621 1311 1706 1365 cultui
1720 1322 1761 1365 re·

132 1416 161 1458 ut
176 1404 201 1459 in
214 1403 340 1459 omuibus
355 1410 472 1470 paratam
486 1397 583 1451 ltnbcat
598 1397 726 1460 imperat.
742 1392 923 1448 Trartsicrnnt
974 1397 1080 1468 ligiunls
1094 1398 1184 1453 dicare
1198 1400 1299 1464 re‘let,
1325 1401 1440 1468 postulat
1460 1408 1561 1468 patrem
1579 1412 1762 1469 matremque.

132 1495 238 1564 triginta
254 1503 282 1549 ⁰²
300 1504 403 1559 widem
429 1490 487 1543 (¹¹⁰⁸
510 1488 538 1541 iu
559 1487 630 1541 ⁰¹⁰¹¹3
650 1484 776 1556 illitione
803 1481 921 1551 peracti,
974 1499 1001 1544 ut
1016 1489 1067 1543 sibi
1081 1491 1228 1544 oraturiunt
1242 1505 1296 1560 quo
1310 1506 1359 1547 suu
1372 1489 1509 1546 Conditori
1523 1492 1668 1547 esitilrcrct
1681 1491 1762 1547 ιιιιι-

128 1585 233 1656 jejumo
254 1592 281 1638 ιι
298 1583 421 1637 οιιιίιιιι
441 1594 501 1633 cnm
517 1577 609 1632 litteeti
624 1577 802 1646 lacryntarnm
822 1572 924 1642 uigilia·
974 1580 1409 1637 tarmpoprsrfuer0211,32dcum
1425 1597 1496 1651 ³2le
1511 1591 1636 1651 „mma
1650 1580 1760 1641 pomp·

131 1689 242 1746 rmuque
257 1674 351 1729 labore
365 1681 461 1743 corpus
476 1668 629 1730 attriverat,
647 1676 676 1720 ut
696 1665 799 1721 lucilius
816 1664 920 1719 venturi
972 1681 1048 1728 emm
1062 1674 1134 1728 enim
1149 1672 1228 1727 ampo
1242 1688 1276 1728 ιχ
1291 1688 1390 1743 genepe
1404 1673 1566 1729 mmmm
1584 1674 1701 1740 „oppu'
1714 1686 1760 1729 m

129 1764 231 1820 itineris
247 1765 316 1818 tium
330 1764 459 1832 aperiret.
483 1758 619 1813 Venerunt
643 1772 707 1828 erge
727 1756 781 1811 duo
802 1754 917 1826 juvenes
935 1757 957 1816 B
972 1779 1080 1834 prorsus
1095 1780 1128 1820 eo
1143 1765 1240 1821 itinere
1254 1764 1324 1834 quud
1343 1763 1376 1820 ad
1397 1780 1477 1834 regna
1497 1765 1621 1835 perducit
1633 1764 1759 1821 emiorum

128 1857 234 1912 candidi
250 1853 446 1911 circumamicti
470 1851 547 1905 stolis
571 1850 686 1904 animam
707 1863 721 1902 a
740 1861 854 1916 corpure
874 1859 916 1900 se·
970 1858 1125 1912 „icebantur
1149 1856 1249 1927 ingredi
1261 1894 1270 1922 ‚
1297 1856 1344 1911 ,ep
1368 1855 1452 1912 puppi
1478 1856 1562 1925 magi,-
1586 1855 1759 1912 „cumip-

128 1960 278 2021 ιιιιιιῑθι,
302 1962 416 2001 unctium
444 1946 563 2000 'Uellei
587 1957 634 2010 per
655 1954 764 2006 imm.
782 1952 813 1992 ιι
828 1936 918 1992 millii
969 1947 1159 2003 desiderabant
1174 1946 1391 2017 phaleramentis,
1408 1956 1435 2001 et
1449 1945 1484 2000 ob
1499 1946 1549 2001 bue
1563 1946 1687 2003 sobuiettt
1701 1960 1757 2002 ιιι·

127 2042 339 2101 discussionibus
364 2038 519 2108 inquisitam
545 2035 577 2090 ati
612 2032 696 2088 coelos
723 2034 917 2099 deportantes,
969 2036 1008 2106 gis
1033 2035 1220 2090 destiteratrapt
1244 2052 1259 2091 p
1284 2036 1357 2103 ntia,
1383 2052 1463 2105 quam
1489 2051 1538 2092 sus
1562 2035 1634 2092 poeto
1657 2036 1759 2094 mm

128 2133 335 2201 peritristarnquc
349 2128 477 2198 anigelicis
497 2125 588 2180 citaris
600 2132 626 2179 ct
640 2121 841 2177 candidatorum
861 2133 919 2173 otu·
969 2129 1091 2196 pignora.
1107 2126 1159 2184 Sed
1176 2143 1234 2180 cnm
1251 2128 1404 2182 nullatenus
1419 2127 1512 2196 puella
1527 2126 1648 2183 ausimum
1661 2127 1698 2184 ab
1710 2126 1757 2183 iac

127 2226 201 2279 utinm
216 2223 344 2278 insertam
360 2218 523 2276 multitudini
538 2215 714 2271 cultortantur
729 2212 805 2268 iaetus
821 2222 918 2280 capeto
968 2215 1118 2271 intentione
1139 2215 1280 2271 immutare
1300 2215 1439 2282 ualerent,
1464 2215 1684 2284 obtemperantes
1703 2216 1757 2286 ejus

126 2315 160 2369 tle
174 2312 273 2368 seculo
286 2309 446 2378 triumpbus.
459 2309 579 2375 Cumque
599 2304 654 2374 jam
673 2314 758 2361 oratu
772 2297 846 2355 uberi
868 2312 917 2353 et·
972 2307 1051 2372 rutis,
1068 2320 1178 2383 parrum
1191 2307 1334 2361 arlutndum
1348 2308 1484 2363 oraculum
1498 2314 1672 2363 construunt.
1686 2306 1756 2374 oeci

124 2403 271 2461 cultatitme
285 2403 354 2456 inter
369 2408 467 2454 aterna
485 2397 578 2466 puertia
602 2395 743 2449 iuberetur
756 2405 864 2456 secum,
889 2397 918 2445 et
970 2413 1031 2453 cnm
1047 2399 1090 2453 nte
1106 2409 1241 2467 ruperatque
1254 2399 1340 2467 puelia
1356 2399 1552 2469 [renuentum.
1572 2402 1656 2471 cupit
1667 2408 1756 2456 matrs

128 2496 257 2565 uirginum
272 2493 362 2547 eburis
382 2491 481 2545 inserta
502 2485 643 2541 excellenti
663 2484 747 2553 gioria
769 2481 917 2551 tripudians
970 2504 1029 2545 eam
1044 2488 1133 2543 caltidi
1150 2488 1233 2543 inustis
1248 2489 1363 2543 uersutia
1377 2489 1429 2545 tela
1441 2490 1546 2557 jacere,
1565 2504 1757 2562 aggressusque

126 2587 265 2656 gattderct,
275 2592 306 2639 et
319 2594 382 2637 ante
393 2589 564 2649 conspectum
577 2574 717 2631 clementie
729 2572 831 2629 iudicis
845 2579 916 2626 asta·
969 2590 1011 2637 est
1024 2597 1071 2652 per
1083 2581 1199 2653 bajuliam
1215 2581 1401 2656 impedimenta
1418 2596 1520 2650 parare,
1533 2597 1565 2639 ac
1579 2598 1615 2638 ue
1629 2594 1657 2638 nt
1671 2594 1756 2638 arato·

127 2686 186 2742 ret,
208 2675 317 2744 irritetur
330 2672 420 2728 denuo
434 2669 537 2726 traduci
552 2669 577 2722 in
592 2682 700 2738 corpus,
722 2675 750 2720 et
772 2664 852 2719 tertio
870 2663 916 2718 die
967 2672 1036 2726 rium
1050 2672 1232 2740 [repercuteret
1245 2671 1399 2740 proitiltere.
1413 2672 1465 2728 Sed
1478 2689 1539 2728 cum
1551 2687 1583 2729 ιι
1596 2676 1658 2745 angi
1672 2673 1755 2745 meib

126 2769 216 2821 deamo
230 2765 329 2822 redire.
351 2764 502 2833 eucarpus
517 2775 623 2817 rursum
639 2760 767 2816 rerebuut
783 2760 916 2829 imperan·
965 2771 1104 2829 cerneret,
1124 2762 1207 2833 coepit
1219 2762 1373 2818 Curiditoris
1386 2763 1554 2818 clementiam
1567 2778 1707 2834 neenec,
1729 2772 1755 2819 ct

126 2870 178 2925 tes,
195 2867 223 2913 nt
236 2871 268 2912 se
283 2855 390 2913 uberius
404 2865 525 2925 paratam
542 2864 601 2924 poet
616 2853 733 2908 triduum
749 2852 863 2921 babeat,
886 2859 916 2905 ιιι
954 2862 1026 2927 'qne
1041 2852 1144 2932 [forte
1159 2853 1205 2927 ne]
1220 2856 1269 2911 sibi
1286 2855 1461 2926 frequentiam
1476 2856 1570 2911 oraudi
1586 2855 1751 2926 prohiberet,

128 2948 302 3018 *titudttd'tttlt
316 2947 421 3002 dietum
435 2946 552 3001 circuitis
566 2944 718 3014 hunbaldi·
965 2958 1046 3018 atque
1061 2947 1149 3003 lumen
1164 2947 1262 3001 animae
1272 2945 1352 3003 uellet
1367 2947 1549 3018 cettugnerr,
1563 2948 1623 3018 ipsa
1636 2951 1672 3004 ab
1682 2959 1754 3005 atter·

158 3042 186 3096 i.
208 3039 324 3096 ilerersu
352 3039 442 3110 itaque
466 3036 492 3092 in
517 3050 630 3105 corpure
655 3034 765 3089 iiatrem
790 3030 913 3095 recarit,
968 3038 1177 3106 „ppt-teupertus,

125 3145 285 3200 inermemque
296 3129 455 3184 lamulnrum
471 3125 520 3182 net
535 3136 669 3181 cateruam
683 3135 806 3193 precatur
820 3134 847 3177 ut
860 3098 953 3177 suisc
1003 3129 1029 3183 l.
1050 3128 1104 3183 Nec
1124 3141 1225 3184 murata
1239 3128 1327 3182 diuina
1344 3129 1447 3199 ptem:
1469 3144 1531 3184 mox
1546 3129 1645 3187 poton
1657 3132 1747 3188 mis.

125 3222 293 3278 curationibus
312 3221 337 3275 ui
357 3220 478 3275 solamen
492 3217 597 3272 lerant:
621 3226 676 3273 tres
690 3214 776 3271 adbuc
792 3213 851 3269 dies
865 3214 916 3268 eibi
967 3235 1025 3274 rum
1038 3220 1160 3288 perculsa
1174 3219 1325 3275 neccssaria
1336 3224 1420 3276 carnit
1436 3221 1546 3286 lumine.
1557 3223 1750 3296 getninaritqee

125 3315 186 3367 site
209 3321 307 3367 metam
331 3323 487 3366 concessam
502 3306 585 3362 inisse
600 3314 724 3363 testatur.
749 3304 917 3360 adveniente
968 3321 1107 3379 paternum
1123 3320 1223 3367 metum
1239 3311 1346 3367 Arbiter
1358 3312 1498 3378 cletitius,
1524 3322 1684 3385 patremque
1699 3313 1753 3384 ejas

125 3404 204 3474 igitur
218 3402 263 3458 die
278 3401 355 3456 tertia
376 3400 487 3455 lintrem
508 3397 602 3454 adesse
625 3396 760 3468 pustulat,
783 3409 916 3466 suumque
968 3402 1089 3458 febribus
1103 3417 1136 3456 cu
1151 3403 1242 3472 rrpnit.
1270 3402 1319 3470 Qui
1335 3405 1457 3474 qnantria
1472 3402 1616 3469 nobilitate
1635 3415 1753 3469 tumens.

125 3494 226 3549 exitum
252 3500 281 3547 ut
305 3503 399 3546 orienes
420 3498 576 3560 exspeclelli
599 3496 732 3559 precatur.
758 3486 917 3542 Aslbttlibtl!
968 3503 1056 3548 [austun
1072 3509 1104 3549 ex
1121 3493 1182 3550 ssliae
1200 3496 1326 3564 exemplo
1347 3496 1401 3566 jam
1417 3495 1449 3550 ιιι
1466 3497 1589 3552 [imorem
1605 3496 1753 3554 dj'jpippl.

1688 287 1765 343 etita

1288 395 1400 454 canet
1419 399 1451 456 lt.

1069 486 1106 542 De
1120 490 1308 543 cutracrautiuue
1325 489 1466 546 Gilitrudia
1481 500 1504 545 rt
1518 491 1578 545 sitoe
1592 491 1675 547 caiis.

125 3587 216 3651 itaque
234 3580 359 3636 omuibus
374 3581 435 3636 ritae
449 3582 550 3635 exitum
574 3589 601 3634 et
623 3578 743 3648 corporis
758 3576 915 3645 sospitatem

126 3672 323 3744 putticcutibns,
336 3686 386 3726 nce
398 3672 424 3726 iu
438 3672 577 3741 propatulo
589 3669 688 3724 babere
700 3668 798 3722 dictum
814 3677 916 3722 testan-

126 3764 216 3829 tibus,
242 3763 284 3817 iila
305 3760 435 3831 conspicit
449 3761 516 3816 duos
529 3763 639 3829 iuuenes
652 3757 779 3832 superius
795 3757 865 3813 uisos
879 3757 914 3811 ad

126 3869 156 3910 se
171 3853 272 3920 uertice,
287 3862 315 3907 et
327 3853 349 3907 el
362 3850 417 3920 jam
431 3851 505 3906 abire
519 3850 609 3915 uellet,
624 3848 802 3904 sciscitantes.
817 3846 853 3901 At
868 3845 914 3901 ilia

125 3962 209 4002 uraris
223 3964 231 4003 a
247 3947 364 4010 ladam,
380 3945 483 4016 iniquit,
498 3943 575 4011 irinc,
596 3943 695 3998 domini
717 3941 784 4004 mei.
801 3941 917 4004 radam,

125 4054 174 4092 tuce
187 4037 301 4105 amplius
315 4037 342 4092 itt
356 4039 407 4091 itae
420 4035 474 4089 rita
490 4033 616 4091 aerumnis
632 4035 708 4103 plena
724 4032 853 4095 detinear,
866 4030 915 4086 sed

123 4130 206 4186 t'uira
221 4128 274 4186 luci
290 4129 324 4185 de
338 4142 390 4199 qua
405 4128 470 4185 redii
486 4126 591 4184 reddar.
607 4127 766 4182 sciscitante
781 4139 844 4195 ereo
860 4122 916 4178 iiu-

131 4231 172 4278 tre
199 4221 399 4291 burgundofara
421 4221 518 4289 unibus
542 4219 604 4275 talia
627 4218 797 4288 depromeret
819 4218 912 4273 dicta:

128 4313 205 4379 Nun,
228 4314 329 4385 irrqrtit,
352 4312 438 4368 (cruris
451 4314 523 4367 sirus
537 4312 603 4367 stola
619 4311 724 4367 indutos
738 4320 844 4378 ιιιιιι,
867 4309 912 4380 eui

968 3596 1011 3641 tus
1026 3587 1189 3652 anhelabat.
1217 3587 1420 3655 postulabatque
1436 3589 1515 3643 tiliam
1531 3598 1559 3643 ut
1572 3604 1624 3660 pro
1638 3590 1753 3659 gesture

968 3676 1109 3733 bitettinum
1125 3687 1204 3749 oret,
1229 3690 1257 3733 et
1271 3679 1293 3734 si
1307 3681 1430 3749 sospitati
1446 3695 1494 3750 per
1506 3679 1568 3751 rjus
1583 3680 1753 3736 intercessit·

968 3784 1029 3824 nem
1053 3769 1201 3827 reddatur.
1226 3770 1252 3824 ln
1277 3770 1402 3826 omnibus
1423 3785 1453 3827 te
1473 3779 1538 3842 pust
1554 3769 1617 3844 clus
1630 3770 1755 3829 retentati

970 3861 1130 3925 pariturum.
1156 3861 1210 3916 Nec
1233 3860 1317 3924 deluit
1342 3861 1455 3919 fideliter
1477 3862 1694 3932 praeduratae
1711 3862 1754 3920 et·

968 3949 1070 4015 dibtta;
1086 3961 1230 4021 amotoque
1245 3952 1297 4020 igni
1314 3952 1407 4016 lebria,
1421 3953 1539 4022 prtutue
1554 3963 1598 4010 esi
1612 3971 1674 4010 runs
1685 3955 1757 4026 geni·

970 4051 1012 4098 tur
1028 4044 1151 4099 redditus
1169 4044 1291 4109 Ιιιιιιιιιι,
1310 4060 1342 4100 ιι
1354 4045 1483 4114 deinceps
1498 4047 1584 4115 puella
1600 4047 1716 4118 pustulat
1728 4053 1755 4103 ιι

968 4134 1002 4189 ati
1025 4136 1205 4205 supradictum
1219 4135 1372 4190 cunaldum
1389 4136 1481 4192 sentire
1495 4146 1585 4205 queat.
1614 4137 1674 4206 Quo
1695 4153 1753 4192 cuttr

969 4227 1049 4280 siunt
1074 4225 1227 4296 religiosam
1245 4241 1291 4295 per
1306 4227 1387 4283 multu
1411 4243 1541 4282 annorum
1563 4231 1653 4298 spatia
1674 4244 1755 4300 pere-

969 4320 1069 4389 gisset,
1096 4320 1188 4375 euenit
1202 4330 1227 4373 nt
1244 4319 1358 4388 quocun
1375 4320 1402 4374 in
1418 4331 1538 4390 tempure
1554 4320 1664 4389 praelata
1687 4320 1755 4375 nur·

128 4422 172 4461 nte
188 4405 380 4461 nudiustertius
395 4407 427 4458 nd
441 4404 523 4461 caelos
538 4414 664 4460 reserant
684 4413 711 4460 et
725 4419 795 4461 nunc
807 4414 914 4475 paratus
930 4446 956 4508 D
971 4410 1116 4481 putidulara
1133 4410 1250 4465 tebrituus
1273 4412 1462 4479 corriperetur.
1487 4424 1518 4463 ae
1543 4411 1756 4478 praesentiente

124 4516 187 4558 esse
202 4516 245 4557 me
259 4516 293 4556 eu
308 4501 404 4554 itinere
416 4500 565 4556 reduceret
580 4498 682 4554 iliranti
698 4498 774 4553 lturt
785 4508 814 4554 et
825 4498 914 4554 omiti·

129 4594 179 4649 bus
199 4593 447 4649 circumastantibus
463 4593 583 4648 ultimum
599 4594 657 4651 rale
671 4594 772 4659 diceris,
788 4593 912 4664 prasenti

128 4685 184 4742 rita
200 4685 302 4755 priuata
322 4694 373 4740 est.
400 4685 599 4742 intendentibus
613 4701 676 4757 crgo
692 4687 717 4741 in
731 4686 789 4756 ejus
809 4687 915 4741 exitum

128 4777 265 4843 omnibus,
280 4776 379 4832 eburus
391 4776 527 4846 anigelicus
541 4791 634 4831 nutries
647 4775 759 4832 audiunt
771 4777 915 4832 concinere

129 4881 156 4926 ct
167 4870 253 4926 dulcia
264 4868 443 4925 modulamina
454 4883 569 4938 peracre
578 4868 692 4934 deferre,
703 4879 827 4939 nutuque
837 4867 917 4922 simul

128 4978 160 5018 ac
175 4961 274 5032 gaudio
286 4976 380 5017 ornnes
393 4960 577 5030 procubuere;
591 4974 758 5033 egressaque
774 4961 845 5015 ieras
860 4960 917 5016 cei·

130 5052 211 5107 iulum
225 5066 276 5122 ιιι
290 5050 409 5106 excubie
424 5050 593 5115 tenebantur,
605 5060 732 5121 quarttnm
746 5052 819 5106 auris
832 5049 915 5106 raitdt

128 5147 244 5198 irnmsua
256 5142 415 5213 pertingere,
426 5154 504 5196 tucca
514 5157 620 5211 temper
630 5140 764 5212 arrpetieas
775 5140 825 5197 aud
836 5151 917 5196 erunt

128 5248 265 5291 cauerrtes.
279 5234 351 5288 liattc
363 5233 475 5303 prienam
489 5233 566 5302 ltujns
576 5233 689 5288 cmrrubii
700 5233 915 5289 exiturtatinnem

128 5329 257 5383 bertuinus
272 5326 423 5382 famulabus
435 5327 491 5381 auis
506 5327 589 5380 uoluit
601 5325 801 5391 demonstrare,
813 5335 847 5399 ut
862 5340 917 5382 cae·

127 5430 192 5473 terat
204 5431 264 5488 ιιι
277 5417 433 5486 superstites
447 5425 547 5482 ιιιιιιι,
559 5416 635 5472 omni
648 5417 795 5472 intentione
809 5418 843 5472 ad
857 5420 917 5474 cul-

128 5518 187 5562 tum
201 5506 339 5578 religionis
352 5508 513 5576 aspirarent.

164 5626 177 5654 ⁰
189 5617 334 5677 sisetrudis
346 5634 423 5677 soror
436 5616 488 5677 luit
500 5619 585 5678 betta
602 5619 789 5691 caenapum
803 5623 872 5695 virg.

968 4502 1082 4558 nexibus
1096 4502 1253 4558 crederetur
1268 4501 1388 4557 dissolri.
1403 4501 1468 4569 Qua
1480 4500 1633 4558 Gibitrudis
1644 4514 1755 4559 ιιιιιιι

968 4595 1079 4650 ιιιιιιιιι
1095 4595 1249 4650 manasterii
1268 4593 1295 4648 in
1313 4603 1435 4648 extremo
1453 4593 1566 4663 positam
1581 4607 1655 4657 esse.
1669 4592 1756 4649 ιιιιιιι·

968 4704 1031 4743 unm
1047 4687 1181 4743 debilibus
1197 4688 1316 4755 pustulat
1330 4685 1458 4747 uocibus.
1481 4696 1508 4740 ut
1524 4685 1662 4755 ιιιιιιιιιιιι
1676 4684 1753 4741 rettti·

968 4777 1076 4834 niscens
1100 4776 1311 4832 misericordiam
1326 4775 1435 4831 diatreta
1452 4773 1517 4830 mori
1533 4789 1585 4830 nun
1600 4775 1690 4840 sinat,
1709 4771 1753 4828 set

969 4872 1042 4939 prius
1056 4883 1086 4922 se
1101 4868 1211 4936 recipiat
1225 4882 1256 4921 ac
1270 4869 1376 4922 sodales
1390 4882 1452 4922 sues
1464 4869 1534 4922 coelo
1551 4869 1692 4927 recondat,
1707 4865 1756 4923 sle·

968 4975 1019 5027 que
1030 4958 1136 5012 dentum
1149 4959 1258 5012 ltatrern
1269 4958 1394 5026 subsequi
1403 4958 1503 5026 iubeat.
1520 4959 1655 5028 lluditqne
1666 4972 1756 5013 rocem

969 5061 1029 5120 post
1054 5051 1187 5120 lacrymas
1213 5049 1330 5118 desuper
1353 5049 1511 5105 dicentem:
1539 5049 1632 5119 lade,
1660 5049 1755 5106 taurula

968 5142 1089 5208 illusisti,
1112 5150 1141 5196 ut
1160 5141 1230 5196 cuim
1247 5143 1336 5211 petisti
1350 5141 1500 5196 obtinuisti.
1524 5140 1569 5195 ιιι
1582 5143 1685 5197 etenim
1698 5155 1756 5198 sos·

970 5248 1017 5302 pes
1029 5232 1042 5271 i
1056 5233 1160 5303 superis
1174 5232 1261 5287 adbuc
1275 5234 1412 5303 jungetur,
1433 5242 1461 5286 tu
1477 5246 1541 5288 reru
1556 5232 1633 5301 prius
1644 5249 1661 5289 ι
1673 5232 1759 5290 ιιιιιι

968 5326 1022 5381 rint
1032 5327 1082 5382 niis
1091 5326 1258 5382 dissolveris.
1274 5325 1328 5382 iiec
1341 5335 1442 5382 morata
1454 5324 1499 5381 diu
1517 5324 1592 5381 lebre
1605 5325 1759 5397 ournpitar.

969 5431 1001 5471 ιι
1013 5414 1146 5483 supremis
1160 5415 1250 5473 iuncta
1265 5417 1337 5472 buris
1355 5415 1472 5472 animam
1485 5414 1616 5472 reddidit.
1641 5416 1759 5487 cumeae

969 5511 1023 5582 lam
1038 5518 1161 5582 suscepta
1177 5510 1211 5566 ab
1224 5509 1326 5583 angelis
1343 5524 1425 5580 snper
1438 5509 1539 5564 retbera
1555 5508 1713 5575 veheretur,
1733 5518 1760 5562 et

1004 5621 1062 5678 ild
1084 5631 1144 5704 est.
1167 5624 1368 5697 remeantibus.
1385 5621 1453 5684 lide
1471 5624 1577 5697 protus.
1595 5623 1664 5682 lite
1676 5620 1761 5683 saneti

970 5692 1140 5751 Columnam.
