3788 6126
125 312 179 369 lib
764 304 902 362 potitis
922 305 1116 363 ilistoitlcr.
1700 309 1750 364 lit

125 435 216 483 rentes
235 423 370 479 delentbo
396 419 579 491 posueruntin
594 417 747 490 gestatorio,
763 418 909 474 duxerunt·
925 425 948 480 Α
963 433 1014 487 que
1036 417 1115 473 iacite
1135 432 1300 487 quacunque
1337 417 1426 472 tultis.
1462 417 1493 472 Et
1523 416 1586 487 quid
1613 433 1681 488 opus
1710 427 1752 474 est

124 532 177 587 qne
202 517 228 569 in
255 512 404 569 custodiam
430 509 602 576 excubitorii,
627 524 687 578 quae
710 509 914 580 cognominatur
964 508 1046 563 etiam
1078 506 1193 578 jurando
1228 507 1339 577 perdere
1371 507 1430 562 ilios
1457 507 1560 563 animas
1592 508 1672 563 suasi
1706 506 1751 562 in·

92 631 101 643 ⁴
127 607 335 672 ‘Prandearia3
363 616 391 660 et
418 604 480 659 iecit
504 616 565 658 eum
589 601 734 656 inclausum
758 599 809 655 sub
832 599 913 653 muita
964 610 1054 668 gressu
1076 595 1197 666 equidem
1221 611 1274 652 uuo
1297 595 1415 661 testium,
1438 606 1466 652 et
1487 597 1603 664 dicente,
1621 598 1748 668 quoniam

127 697 266 760 custodia,
290 693 444 763 praecipiens
466 691 620 747 custodibus
633 696 673 755 {ut
698 688 786 743 nuilus
810 687 915 755 penitus
964 685 1159 752 coniurationes
1174 683 1236 740 iecit
1255 697 1316 740 cttm
1341 685 1474 756 olympio,
1489 695 1516 740 et
1529 685 1628 740 milites
1649 700 1750 755 prepa-

128 784 333 843 sciretcit-itatis
345 785 407 853 quis
418 790 460 837 est
474 780 500 836 ia
513 780 606 836 eodem
617 778 751 835 excubitu.
764 777 839 834 Fecit
851 790 915 846 ergo
966 775 1033 830 rasit
1052 783 1081 828 ut
1099 775 1231 843 iurarent,
1247 776 1423 845 interrogatus
1440 775 1494 828 ileo
1516 776 1650 842 pretiosus
1665 775 1716 842 uir,
1728 775 1753 829 si

128 886 236 930 mactus
248 875 317 930 idem
333 873 494 939 apostolicus
516 870 631 938 clausus,
655 877 683 925 et
699 863 915 937 tine'ptrticipt-
965 863 1068 919 bacita
1080 879 1110 921 se
1125 865 1265 933 baberent,
1279 864 1416 935 respondit
1430 882 1437 918 :
1453 864 1483 920 Si
1503 865 1582 920 tultis
1601 864 1693 921 audire
1706 878 1752 919 te·

128 965 318 1034 tionepenitns
331 960 595 1029 sermonisaiicuius,
612 956 755 1028 nonaginta
778 964 833 1011 tres
846 956 915 1012 dies.
967 954 1084 1020 ritatem,
1112 955 1172 1011 dico
1195 955 1269 1011 tobis
1292 956 1452 1027 sequeutia;
1481 966 1510 1011 et
1535 955 1618 1024 ctepit
1641 955 1750 1010 dicere:

129 1055 156 1109 itt
167 1054 224 1122 ipsa
244 1067 308 1108 tero
320 1051 488 1121 nonagesima
504 1049 580 1105 tertia
600 1047 655 1116 die,
669 1062 728 1118 quae
743 1045 851 1103 estdies
866 1045 915 1099 i‘a·
970 1042 1083 1110 Quando
1112 1043 1197 1099 iactus
1219 1054 1261 1100 est
1287 1054 1374 1115 typus,
1397 1052 1425 1101 et
1448 1045 1564 1100 directus
1586 1045 1697 1099 Romam
1717 1041 1752 1098 ab

129 1156 249 1207 cascere,
264 1155 341 1195 mane
355 1139 473 1195 tulerunt
484 1152 545 1194 eum
558 1136 592 1193 de
606 1137 737 1203 custodia,
750 1135 915 1193 constituen-
969 1135 1142 1200 imperatore.
1160 1134 1192 1191 Ει
1205 1120 1255 1190 tioc
1269 1143 1370 1190 tantum
1392 1133 1498 1191 dicente
1521 1136 1599 1199 εεειε
1611 1136 1666 1203 ilio,
1681 1137 1753 1194 alittti

129 1234 191 1287 dum
212 1232 241 1287 itt
255 1230 322 1286 ceila
347 1228 488 1294 sacellarii,
511 1226 636 1299 jubentes
660 1225 745 1297 pridie
770 1226 914 1284 contenire
966 1224 1030 1294 quid
1053 1240 1107 1281 non
1130 1240 1287 1282 concessum
1302 1235 1343 1281 εει
1363 1225 1444 1296 ioqui.
1468 1225 1520 1282 Sed
1542 1225 1668 1282 contium
1694 1236 1756 1282 ants

130 1336 237 1376 ottrrtesn
251 1330 392 1386 anatum3
410 1318 480 1387 qood
497 1327 525 1373 et
537 1318 636 1373 iactum
649 1324 699 1373 est.
713 1315 853 1373 iusserunt
867 1330 915 1370 au·
968 1329 1062 1370 omncs
1079 1314 1209 1385 incipient
1222 1329 1283 1370 cum
1296 1315 1415 1370 clamore
1428 1315 1549 1380 Troilus,
1575 1313 1660 1384 iuquit
1675 1332 1682 1370 :
1697 1314 1756 1370 lion

130 1403 918 1474 temeotnintroducendum,elintroduxeruntinportatoria
967 1405 1065 1461 inieras
1083 1406 1159 1461 nobis
1172 1405 1216 1460 bic
1239 1405 1273 1463 de
1288 1406 1350 1472 ilde,
1365 1405 1399 1460 de
1421 1405 1510 1461 duello
1532 1419 1602 1460 nunc
1615 1404 1755 1473 scrutaris,

130 1499 212 1562 seila3
226 1498 367 1553 eratenim
383 1496 487 1566 penitus
500 1510 581 1566 sager,
604 1496 735 1565 precipue
753 1501 843 1550 autem
864 1492 918 1549 illis
967 1495 1092 1566 quoniam
1111 1502 1139 1550 et
1153 1495 1276 1562 Romani,
1292 1505 1320 1551 et
1339 1508 1388 1550 nos
1402 1494 1547 1552 Christiani
1561 1509 1654 1550 tunsus
1677 1503 1704 1548 et
1715 1509 1759 1550 or-

132 1589 226 1642 dlebus
240 1600 296 1654 pre
310 1584 477 1655 navigatione
489 1592 517 1640 et
526 1583 670 1639 afflictione
679 1579 806 1638 custodia
819 1597 865 1652 per
880 1590 919 1637 tot
968 1585 1089 1643 tbodosi.
1105 1583 1137 1640 Et
1150 1585 1287 1655 respondit
1307 1585 1376 1641 idem
1388 1587 1429 1641 rir
1441 1584 1530 1656 justus
1545 1602 1552 1640 :
1570 1585 1693 1642 Utinaml
1706 1585 1759 1641 ile·

130 1677 190 1732 dies
202 1674 314 1732 steca.
330 1673 471 1730 lateudens
489 1684 579 1729 autem
605 1673 633 1728 iu
658 1687 719 1728 euna
735 1672 848 1743 primus,
871 1671 917 1743 qui
969 1683 1118 1729 sumtameu
1130 1674 1269 1728 invenietis
1283 1688 1327 1729 me
1341 1675 1366 1728 in
1390 1674 1434 1730 iila
1447 1674 1491 1730 die
1507 1674 1635 1731 tremendi
1655 1672 1758 1729 aiami-

131 1765 290 1835 pmidebat
312 1764 467 1822 sacellarius
497 1779 558 1820 cunr
586 1763 695 1833 reliquis
719 1763 880 1833 principibus
903 1757 1012 1819 aBnis
1033 1772 1127 1819 testem
1152 1762 1232 1818 etiam
1259 1761 1286 1819 in
1311 1763 1370 1819 boc.
1397 1764 1488 1819 Denuo
1510 1763 1580 1819 inter
1602 1772 1759 1825 accusantes

132 1856 220 1925 longe,
232 1853 312 1925 illisi!
326 1867 387 1909 ΝΜ
401 1866 512 1922 wideri
529 1867 544 1904 ²
558 1851 670 1918 icreuio,
685 1858 712 1907 0²
724 1857 806 1906 lim·
823 1849 921 1904 Aiellll·
972 1864 1054 1912 testes
1067 1856 1105 1910 ait
1117 1855 1150 1909 ad
1160 1870 1220 1911 eum
1232 1855 1371 1924 praelectus
1385 1856 1509 1911 Troilus·
1519 1873 1524 1909 :
1535 1856 1626 1924 Qualis
1637 1857 1716 1911 bomo
1729 1871 1759 1912 as

133 1945 349 2016 bosquibusdam
374 1945 556 2000 ministrorum
577 1957 631 1998 non
651 1944 741 1999 ualere
761 1956 822 1998 eum
837 1948 919 2008 stare,
972 1951 1010 2009 tu,
1025 1945 1150 2014 quoniam
1165 1945 1436 2000 eernensetaudiens
1456 1946 1518 2000 salia
1533 1955 1627 2002 contra
1643 1947 1757 2014 impers-

134 2036 254 2091 tsrbatus
269 2049 324 2105 pra
344 2034 425 2089 multa
440 2032 479 2087 ira
492 2032 649 2087 sacellarius
672 2030 839 2096 exclamarit,
860 2042 921 2084 cum
974 2045 1059 2091 torem
1075 2035 1203 2091 nitentem
1215 2034 1393 2090 effodiendum
1411 2035 1572 2106 olympium,
1589 2051 1641 2091 „00
1666 2037 1758 2106 propp.

134 2144 167 2184 ea
190 2137 279 2183 aetem
304 2133 332 2181 el
355 2124 462 2195 quidm
487 2122 664 2188 ddcuilfflllit
690 2135 799 2191 “litere
821 2127 924 2176 tumel
974 2127 1053 2182 buisti
1077 2142 1151 2191 eum,
1171 2126 1353 2182 sedecontra
1376 2127 1533 2182 consensisti
1548 2127 1592 2182 eil
1616 2126 1656 2182 tn
1680 2141 1761 2198 quem

135 2228 220 2275 astare
229 2231 349 2273 eeusttre
364 2216 504 2272 subnixum
519 2215 581 2271 ltine
598 2214 676 2280 irtde;
694 2213 764 2283 quod
778 2220 806 2268 et
821 2212 921 2267 iactum
941 2251 943 2255 ι
972 2217 1099 2271 contiuuo
1124 2215 1192 2271 dixit
1217 2216 1274 2284 ipse
1294 2216 1387 2271 beatus
1408 2215 1569 2286 apostolicus
1594 2230 1683 2286 papa:
1699 2217 1757 2284 bic,

138 2317 188 2366 cst
201 2309 362 2365 steettartas
384 2315 472 2362 autem
494 2305 580 2375 inquit
600 2304 633 2360 ad
657 2318 718 2360 etttn
738 2321 744 2357 :
761 2304 819 2368 ilic,
833 2302 923 2363 miser.
973 2307 1080 2362 domine
1092 2306 1192 2372 Troiie,
1207 2307 1322 2375 quando,
1333 2306 1402 2362 sicut
1416 2307 1489 2363 scitis
1498 2308 1580 2364 etiam
1595 2323 1653 2376 tos,
1669 2319 1695 2364 et
1707 2324 1758 2366 nos

140 2399 203 2468 qaid
218 2398 266 2454 tibi
279 2397 340 2453 mali
364 2396 453 2452 intulit
471 2395 633 2464 inperatori
652 2392 752 2449 inlita
766 2401 792 2448 te
804 2389 925 2461 aliquidl
975 2395 1139 2464 audiuimus,
1165 2395 1294 2467 Georgius
1315 2410 1331 2449 a
1346 2395 1562 2467 magistratibus,
1590 2399 1635 2468 qui
1657 2407 1715 2453 erat
1728 2413 1763 2454 ex

137 2491 270 2556 oppressit
283 2495 310 2542 te
320 2486 363 2541 ti?
377 2485 424 2541 iile
435 2493 523 2540 samm
538 2482 654 2539 tacebat.
672 2480 747 2537 Tunc
764 2480 802 2534 ait
816 2479 849 2535 sd
863 2494 925 2537 eum
975 2485 1126 2551 monacbis,
1142 2485 1278 2555 ingressus
1290 2493 1333 2540 est
1346 2485 1397 2541 buc
1421 2486 1448 2541 in
1472 2486 1565 2542 orbern
1583 2487 1717 2554 acastris,
1735 2497 1764 2543 et

137 2579 291 2634 sacellarios
315 2577 469 2647 imperativa
488 2588 576 2631 soce:
600 2560 658 2630 lion
679 2571 842 2642 respondesi
862 2584 928 2627 ecee
976 2575 1036 2631 talia
1051 2576 1130 2631 rerba
1154 2575 1256 2630 ioeuttu
1270 2585 1322 2642 est,
1346 2574 1463 2646 iecitque
1483 2592 1526 2633 res
1550 2577 1625 2643 tales,
1645 2578 1764 2636 abieras

143 2684 213 2724 aune
226 2669 409 2740 ingredientur
426 2651 594 2722 accusatores
608 2664 656 2719 tui.
681 2663 716 2718 iis
728 2663 852 2717 continuo
865 2674 926 2715 cuna
976 2672 1016 2731 tu,
1031 2665 1056 2720 ei
1069 2664 1114 2735 qui
1123 2672 1187 2719 sunt
1198 2673 1296 2730 tecum,
1310 2666 1437 2735 quoniam
1451 2682 1502 2721 uua
1515 2667 1650 2722 restitistis
1664 2667 1700 2734 ei,
1715 2669 1763 2722 sed

138 2772 260 2815 mamone
274 2758 492 2819 introductionis
508 2753 614 2825 plurimi
637 2761 823 2808 accusatorum
833 2758 925 2806 conisa
976 2767 1099 2826 econtra
1109 2755 1280 2812 concionatus
1293 2765 1336 2812 est
1356 2757 1441 2823 robis,
1457 2766 1484 2812 et
1497 2771 1564 2828 quos
1577 2757 1659 2813 soluit
1674 2759 1764 2828 palatii

140 2869 211 2911 eam.
226 2856 519 2911 pensaurensem
540 2848 669 2905 mendacii
683 2845 741 2914 tilii,
759 2853 786 2902 et
806 2844 927 2915 discipuli
977 2850 1114 2906 exsulavit
1135 2859 1163 2905 et
1187 2837 1341 2918 probib'nttt
1366 2851 1514 2921 iterumque
1543 2851 1593 2908 sub
1616 2851 1763 2923 Valentino,

140 2960 232 3001 serum
245 2946 291 3016 qui
306 2943 446 2998 bominmu
461 2947 579 2996 uestrum
594 2937 686 2995 iesum
703 2935 836 2992 Christum
851 2949 928 2992 nees-
977 2955 1037 2995 cttm
1061 2950 1193 3010 praecepto
1217 2939 1385 3009 imperatoris
1408 2939 1515 2995 indutus
1538 2951 1580 2997 est
1593 2956 1722 3013 purpura,
1737 2953 1766 3000 et

141 3043 246 3091 neunt.
262 3033 486 3090 contradicebant
496 3045 560 3088 sero
572 3028 741 3094 sanctovito,
756 3026 928 3096 quemadma·
979 3029 1100 3086 consedit
1127 3031 1161 3096 ei,
1181 3044 1234 3100 qno
1253 3030 1344 3085 ieratis
1364 3031 1435 3086 rosi
1453 3046 1505 3086 aon
1528 3032 1610 3088 eratis
1632 3032 1696 3089 bicl
1717 3048 1766 3090 etr

142 3123 205 3177 dnttr
228 3121 377 3191 praemoniti
401 3120 515 3177 inerant.
539 3118 622 3173 Erant
643 3116 716 3173 enim
735 3130 814 3171 seces
836 3099 1044 3190 corumcergo
1058 3134 1110 3174 non
1134 3119 1307 3190 prohibuistis
1328 3134 1388 3176 eum
1412 3120 1531 3178 dicentes
1547 3140 1553 3176 :
1570 3122 1627 3179 lion
1651 3125 1765 3195 attingas

144 3213 333 3284 pramedisatae
346 3220 375 3267 et
387 3219 551 3281 praeparata.
564 3208 591 3263 ln
606 3206 703 3278 qnibtss
717 3206 824 3277 quidam
837 3220 930 3262 eorum
982 3223 1024 3264 res
1036 3224 1089 3265 nou
1100 3222 1262 3278 opportunas
1276 3209 1343 3265 tibii
1359 3225 1447 3266 uonrte
1460 3225 1553 3268 ontnes
1573 3223 1690 3268 econtra
1702 3228 1765 3270 cott-

145 3304 221 3374 paoio
241 3310 304 3359 ante
328 3301 480 3372 interrogati
501 3310 529 3356 ιιι
544 3299 721 3355 testimonium
747 3296 929 3368 perbiberent,
980 3299 1296 3374 teoistiseiiQttomndo
1309 3301 1440 3356 babebam
1451 3315 1500 3371 ego
1513 3302 1766 3359 talitiroadtersus

146 3393 282 3449 ιειιιεειει
301 3391 390 3446 dicere
404 3389 553 3453 veritatem,
575 3386 644 3442 sicut
656 3400 715 3440 usos
729 3395 787 3451 est;
802 3384 930 3441 siccati·
980 3399 1062 3457 stare,
1078 3390 1186 3447 babenti
1207 3392 1339 3461 praecipue
1360 3392 1496 3448 bracbium
1516 3395 1646 3449 uniuersae
1663 3393 1765 3450 militias

147 3498 198 3537 Μ
210 3480 308 3536 turbati
323 3479 369 3550 qui
385 3476 584 3547 Ρηῑθϋΰθῦὓῐῑῑ
596 3481 732 3530 Wlfflin
744 3473 806 3539 ¹1⁰⁰.
820 3472 931 3556 helidi-
981 3480 1098 3536 italictel
1112 3496 1145 3535 an
1159 3481 1246 3551 potius
1258 3496 1308 3552 ego
1321 3482 1395 3536 ilium
1411 3481 1459 3537 ieci
1479 3483 1642 3539 exarchumi
1655 3472 1765 3540 Verum·

147 3573 209 3626 battt
230 3568 328 3624 validis
349 3568 429 3624 muris
452 3567 592 3634 increpare
604 3579 663 3632 ees,
687 3563 773 3619 denec
788 3562 931 3619 suaderent
982 3583 1071 3628 tamen
1085 3570 1174 3627 denuo
1186 3571 1298 3628 obsecro
1308 3587 1357 3629 sos
1365 3588 1413 3644 per
1423 3572 1576 3641 iiotuittum,
1589 3576 1767 3650 quodcunque

144 3662 181 3717 eis
195 3660 317 3729 prolerre
329 3673 389 3728 quc
403 3664 481 3714 erant
492 3655 675 3712 convenientia
690 3654 718 3709 in
729 3661 844 3709 mortem
859 3653 931 3710 beati
981 3662 1060 3717 tultis
1081 3671 1110 3718 et
1132 3660 1250 3716 delinitis
1273 3661 1328 3716 deri
1351 3661 1377 3717 iu
1401 3678 1453 3728 me,
1467 3664 1547 3719 citius
1560 3666 1674 3735 explete.
1688 3667 1767 3725 iiotit

144 3763 170 3806 es
187 3751 255 3823 iusti
267 3751 327 3805 riri.
342 3747 541 3816 Contemplatus
559 3753 667 3800 saneim
681 3757 748 3814 pst!
766 3742 931 3797 immuni&
980 3753 1052 3808 enim
1067 3751 1148 3819 licus,
1164 3751 1279 3807 maxima
1290 3752 1353 3807 mibi
1368 3754 1437 3809 dona
1457 3755 1594 3823 tribuistis,
1609 3773 1767 3830 quacunque

145 3841 287 3906 lwffiwlt
303 3836 446 3894 ωδῐῑᾶθῦδ
459 3834 526 3890 ‘¹3¹¹‘
542 3849 549 3888 ²
565 3833 611 3889 ¹⁸¹1
624 3841 686 3888 ΝΜ
700 3830 805 3888 ῑθῦῑθδῖ
819 3830 865 3887 Sil
882 3829 931 3884 δ’·
982 3856 1025 3897 me
1038 3841 1114 3898 clade
1125 3840 1319 3911 jugulaveritis.
1335 3841 1508 3899 Percontatus
1521 3852 1610 3900 summ
1624 3847 1766 3916 quenulam

145 3939 187 3992 bet
211 3935 287 3991 urdo.
315 3934 482 3989 Erantenim
512 3930 589 4000 primi
615 3929 794 3999 ingredientes
822 3927 930 3984 nomine
980 3932 1014 3986 de
1029 3931 1251 3999 ministrantibus,
1264 3932 1434 4001 sagolebam,
1455 3934 1588 4000 uidelicet,
1601 3935 1765 4004 sacellarius,

145 4028 250 4096 aridem
264 4025 371 4089 ntum,
384 4025 590 4094 topaeoaoten
602 4019 767 4076 setestatus
778 4019 929 4083 amaretis}
980 4024 1003 4078 ε
1015 4022 1204 4079 cuntronensi
1220 4022 1300 4092 attqnt
1311 4023 1355 4093 qur
1366 4023 1480 4079 teneam
1493 4023 1640 4087 ostracon,
1656 4039 1767 4095 respon·

144 4126 171 4172 et
195 4117 304 4186 quidam
318 4128 410 4169 eornm
433 4111 572 4184 quierant
594 4107 721 4180 Olympii,
748 4122 809 4164 eum
834 4107 931 4177 quibus
980 4111 1019 4165 dit
1032 4111 1138 4167 scriba:
1158 4111 1236 4178 Sunt,
1263 4111 1384 4177 domine,
1400 4111 1505 4181 plurimi
1526 4113 1582 4166 aiii.
1609 4112 1768 4171 deficientes

146 4217 202 4262 erat
215 4216 244 4262 et
256 4205 386 4273 andren,
403 4205 447 4273 qui
467 4204 551 4258 iuerat
569 4201 627 4271 ejus
641 4199 770 4256 notarius.
786 4201 869 4254 Erant
882 4213 929 4254 au·
980 4211 1069 4256 autem
1085 4201 1111 4255 bi
1129 4203 1174 4270 qui
1200 4200 1388 4270 praesidebant,
1407 4209 1501 4257 sancto
1521 4210 1548 4257 et
1560 4203 1704 4258 venerabili
1720 4220 1766 4260 as-

146 4306 197 4351 tem
211 4297 283 4351 iuter
294 4304 462 4350 accusatores
474 4292 594 4349 iaieiices
605 4291 732 4346 lutericus
745 4300 772 4346 et
783 4289 930 4358 Therinos,
981 4300 1053 4347 tante
1066 4293 1126 4346 tiro
1141 4292 1167 4346 in
1180 4299 1325 4360 conspectu
1339 4305 1443 4359 eorum,
1471 4301 1499 4347 et
1524 4293 1689 4362 potissimum
1707 4296 1768 4366 Spi-

144 4395 169 4440 ct
182 4383 479 4455 roliqdinumesoquasi
492 4378 594 4452 uiginti,
604 4381 735 4451 primores
744 4379 841 4435 milites
853 4388 880 4434 et
890 4393 930 4434 re·
980 4382 1031 4436 ritu
1045 4396 1105 4436 eum
1117 4391 1210 4439 sancto
1226 4384 1359 4449 llrmante,
1383 4383 1509 4438 dixerunt
1531 4384 1653 4440 suillo-ers
1674 4394 1766 4442 testes.
1790 4372 1794 4378 ’

145 4472 521 4544 iiqoiaecusaotes.iurabant
534 4483 623 4527 autem
635 4472 768 4526 adsancts
778 4469 929 4540 Evangelia,
947 4460 970 4520 b
984 4471 1047 4527 Erat
1060 4473 1159 4541 quippe
1171 4473 1302 4542 interpres
1316 4488 1419 4540 eorum,
1435 4488 1494 4544 quse
1506 4489 1521 4528 a
1536 4485 1628 4530 sancto
1641 4476 1767 4533 dicebata-

145 4578 169 4620 et
182 4567 220 4621 sic
235 4565 453 4621 testiiicabantur.
468 4563 640 4620 Primicerius
651 4577 716 4620 sane
725 4563 843 4617 onttrittm
853 4575 932 4617 accu·
983 4571 1035 4627 tur,
1048 4564 1189 4618 uerborum
1210 4564 1380 4619 innocentius
1392 4564 1486 4620 consul
1502 4564 1572 4621 lilius
1586 4564 1704 4635 inomae,
1720 4567 1768 4638 qui

145 4658 324 4711 mubsmerat
336 4656 486 4711 borotueus
500 4653 767 4724 patritiuslclliciae,
783 4654 826 4724 qui
837 4653 932 4724 jurans
981 4663 1040 4709 etat
1064 4655 1097 4709 ab
1121 4653 1228 4721 litica3
1252 4665 1278 4712 et
1303 4670 1363 4710 eum
1388 4657 1607 4726 interpretaretur
1624 4673 1655 4714 ea
1678 4674 1766 4729 quasa

145 4746 209 4803 disit
225 4747 351 4818 quoniam
373 4747 561 4817 quinquaginta
583 4747 670 4815 capita
695 4747 717 4801 si
743 4745 864 4812 baberet,
879 4750 932 4800 noti
982 4747 1060 4801 beato
1082 4746 1140 4802 siro
1164 4747 1330 4813 dicebantur,
1356 4763 1408 4804 nott
1436 4748 1548 4813 ierebat,
1571 4748 1666 4805 uideas
1687 4751 1769 4820 ignita

145 4845 278 4906 oporteret
300 4851 360 4892 earn
376 4838 473 4905 virere,
501 4837 625 4906 eoquod
650 4837 722 4891 solus
749 4836 881 4892 subuertit
905 4845 938 4893 et
980 4836 1161 4906 iacalasancti
1184 4839 1299 4908 Spiritus
1313 4855 1328 4894 a
1344 4840 1399 4895 Deo
1425 4839 1572 4895 honorabili
1594 4843 1652 4894 niro
1674 4849 1765 4894 contra

146 4929 257 4994 perdidit
280 4916 434 4983 nniversam
459 4925 640 4994 Occidentem,
664 4937 692 4983 ει
718 4926 836 4994 delerit;
851 4935 879 4982 ει
903 4941 932 4984 re
982 4943 1029 4982 cos
1052 4931 1164 4999 prolata,
1189 4931 1226 4984 ait
1250 4929 1283 4984 ad
1299 4929 1480 4986 innocentium
1504 4945 1564 4985 eunt
1589 4931 1695 4985 lurore:
1712 4931 1769 4985 Cur

145 5032 204 5072 sera
226 5019 305 5074 unius
331 5018 439 5073 consilii
461 5018 511 5072 iuit
524 5033 585 5073 cum
600 5018 733 5088 Olympio,
757 5026 785 5074 et
805 5018 933 5075 inimicus
983 5019 1058 5074 nobis
1073 5020 1328 5090 interpretarisquae
1342 5020 1424 5075 tliciti
1438 5021 1492 5076 noli
1505 5020 1595 5075 dicere
1613 5033 1673 5090 quae
1690 5019 1765 5075 dicit.

146 5099 280 5162 bomicida'
290 5107 459 5176 inperatoris
472 5114 501 5161 et
518 5106 646 5162 ilomaum
662 5105 933 5162 urbanitatisliidens
982 5110 1098 5180 Surgcns
1111 5126 1176 5181 ergo
1189 5113 1315 5166 continuo
1338 5111 1491 5167 sacellarius
1502 5124 1563 5164 cum
1582 5108 1702 5178 plurimis
1719 5110 1766 5180 qui

145 5214 206 5267 ergo
215 5199 305 5269 justus
318 5200 359 5254 sir
375 5199 541 5255 introeuntes
554 5213 600 5254 eas
613 5206 640 5254 et
659 5197 779 5267 jurantes
799 5198 856 5252 sine
872 5212 933 5267 par·
982 5203 1157 5256 consederant
1181 5204 1215 5267 ci,
1242 5203 1378 5272 ingressus
1401 5210 1443 5257 εει
1467 5201 1588 5256 nuntiare
1612 5203 1766 5272 imperatori

145 5291 222 5347 citate
236 5292 431 5360 tessiiieatores,
447 5304 604 5359 compassus
617 5287 757 5358 perditioni
781 5287 931 5343 animarum
981 5307 1091 5362 quaeque
1104 5292 1160 5361 ipse
1175 5293 1268 5348 uoluit.
1293 5292 1447 5348 Eduxerant
1461 5301 1550 5346 autem
1565 5301 1685 5347 sanctum
1698 5306 1765 5361 apo-

144 5395 245 5452 euutd,
259 5385 296 5438 ait
310 5382 343 5437 ad
357 5397 405 5438 eos
419 5383 463 5451 qui
480 5380 657 5451 praesidebant
679 5381 812 5449 principes
828 5398 835 5433 ε
850 5379 933 5436 Obse-
981 5382 1104 5437 stolicutu
1116 5383 1202 5436 uirum
1214 5383 1248 5438 de
1261 5383 1328 5438 cella
1340 5383 1441 5453 judicii,
1458 5383 1641 5452 magistatem
1656 5398 1688 5439 ex
1704 5387 1766 5438 attia

144 5484 189 5524 ero
203 5485 249 5525 sos
268 5486 314 5541 per
335 5472 428 5536 lleurtq
444 5472 527 5527 nolite
541 5485 693 5541 preparare
707 5485 754 5526 eos
765 5471 867 5539 iurare,
884 5470 931 5526 sed
981 5472 1099 5541 caiphas,
1114 5474 1141 5527 in
1159 5476 1301 5544 gestatorio
1314 5473 1389 5528 sedili
1404 5472 1552 5538 sedentem,
1575 5486 1602 5528 ει
1616 5482 1768 5531 ειειεειεει

145 5559 242 5630 absque
260 5570 428 5616 sacramento
451 5561 542 5617 dicant
561 5575 725 5632 quecunque
747 5561 850 5630 solunt,
869 5575 929 5617 tos·
981 5580 1040 5621 curn
1055 5564 1081 5618 in
1098 5564 1187 5620 medio
1201 5565 1261 5619 atrii
1275 5564 1416 5632 quoderat
1435 5574 1496 5621 ante
1514 5566 1610 5623 cellam
1624 5565 1767 5634 sacellarii,

182 5696 192 5721 ¹
205 5688 294 5757 Rom,
306 5689 476 5746 Prnndisrett.
1020 5707 1028 5733 ·’
1047 5696 1123 5753 butu.
1137 5696 1225 5753 adlit:
1243 5693 1390 5765 Ptteitctttt.

182 5756 296 5828 litun,
309 5761 415 5818 Sicilie.
486 5829 488 5833 .
1015 5781 1019 5789 ·
