<?xml version="1.0" encoding="UTF-8"?>
<!DOCTYPE html PUBLIC "-//W3C//DTD XHTML 1.0 Transitional//EN"
    "http://www.w3.org/TR/xhtml1/DTD/xhtml1-transitional.dtd">
<html xmlns="http://www.w3.org/1999/xhtml" xml:lang="en" lang="en">
 <head>
  <title>
</title>
<meta http-equiv="Content-Type" content="text/html;charset=utf-8" />
  <meta name='ocr-system' content='tesseract 3.04.00' />
  <meta name='ocr-capabilities' content='ocr_page ocr_carea ocr_par ocr_line ocrx_word'/>
</head>
<body>
  <div class='ocr_page' id='page_1' title='image "./patrologiaecurs23unkngoog_0061.png"; bbox 0 0 3788 6126; ppageno 0'>
   <div class='ocr_carea' id='block_1_1' title="bbox 682 315 1787 404">
    <p class='ocr_par' dir='ltr' id='par_1_1' title="bbox 682 315 1787 404">
     <span class='ocr_line' id='line_1_1' title="bbox 682 315 1787 404; baseline 0 -3"><span class='ocrx_word' id='word_1_1' title='bbox 682 347 714 402; x_wconf 85' lang='lat' dir='ltr'>su</span> <span class='ocrx_word' id='word_1_2' title='bbox 733 344 894 404; x_wconf 82' lang='lat' dir='ltr'>seuerus</span> <span class='ocrx_word' id='word_1_3' title='bbox 914 342 1092 402; x_wconf 82' lang='lat' dir='ltr'>usnrtuuu</span> <span class='ocrx_word' id='word_1_4' title='bbox 1111 344 1256 401; x_wconf 79' lang='lat' dir='ltr'>rursus</span> <span class='ocrx_word' id='word_1_5' title='bbox 1548 315 1552 321; x_wconf 69' lang='grc'><strong>’</strong></span> <span class='ocrx_word' id='word_1_6' title='bbox 1738 350 1787 404; x_wconf 84' lang='lat' dir='ltr'>sss</span> 
     </span>
    </p>
   </div>
   <div class='ocr_carea' id='block_1_2' title="bbox 227 440 1784 474">
    <p class='ocr_par' dir='ltr' id='par_1_2' title="bbox 171 440 1784 474">
     <span class='ocr_line' id='line_1_2' title="bbox 227 440 1784 474; baseline 0.001 -0.965"><span class='ocrx_word' id='word_1_7' title='bbox 227 441 1395 468; x_wconf 73' lang='lat'>·········-··-·····=·-2=·-&#39;-—-—--—-—-----··</span> <span class='ocrx_word' id='word_1_8' title='bbox 699 440 820 452; x_wconf 78' lang='grc'><em>·”-·“·</em></span> <span class='ocrx_word' id='word_1_9' title='bbox 832 440 840 449; x_wconf 94' lang='grc'><em>“</em></span> <span class='ocrx_word' id='word_1_10' title='bbox 854 440 926 449; x_wconf 81' lang='grc'><em>““·-</em></span> <span class='ocrx_word' id='word_1_11' title='bbox 1254 441 1302 451; x_wconf 89' lang='grc'>·-</span> <span class='ocrx_word' id='word_1_12' title='bbox 1313 441 1359 452; x_wconf 82' lang='grc'>··</span> <span class='ocrx_word' id='word_1_13' title='bbox 1375 442 1784 474; x_wconf 71' lang='lat' dir='ltr'>·-—-.·-.-....·-==r.==n</span> 
     </span>
    </p>
   </div>
   <div class='ocr_carea' id='block_1_3' title="bbox 587 508 1352 669">
    <p class='ocr_par' dir='ltr' id='par_1_3' title="bbox 587 508 1352 669">
     <span class='ocr_line' id='line_1_3' title="bbox 587 508 1352 669; baseline -0.003 -4"><span class='ocrx_word' id='word_1_14' title='bbox 587 583 722 666; x_wconf 78' lang='lat' dir='ltr'>ense</span> <span class='ocrx_word' id='word_1_15' title='bbox 749 508 992 666; x_wconf 73' lang='lat' dir='ltr'>tuomum</span> <span class='ocrx_word' id='word_1_16' title='bbox 1018 583 1352 669; x_wconf 80' lang='lat' dir='ltr'>ntsrontce.</span> 
     </span>
    </p>
   </div>
   <div class='ocr_carea' id='block_1_4' title="bbox 189 713 1770 873">
    <p class='ocr_par' dir='ltr' id='par_1_4' title="bbox 189 713 1770 873">
     <span class='ocr_line' id='line_1_4' title="bbox 189 713 1770 802; baseline 0.005 -28"><span class='ocrx_word' id='word_1_17' title='bbox 189 713 339 793; x_wconf 79' lang='lat' dir='ltr'>Ejusdem</span> <span class='ocrx_word' id='word_1_18' title='bbox 354 713 457 775; x_wconf 85' lang='lat' dir='ltr'>suncti</span> <span class='ocrx_word' id='word_1_19' title='bbox 471 714 607 787; x_wconf 82' lang='lat' dir='ltr'>Martini</span> <span class='ocrx_word' id='word_1_20' title='bbox 620 716 749 795; x_wconf 85' lang='lat' dir='ltr'>possis·</span> <span class='ocrx_word' id='word_1_21' title='bbox 765 727 912 795; x_wconf 69' lang='lat' dir='ltr'>excerpto</span> <span class='ocrx_word' id='word_1_22' title='bbox 926 735 965 778; x_wconf 79' lang='lat' dir='ltr'>etc</span> <span class='ocrx_word' id='word_1_23' title='bbox 980 715 1141 795; x_wconf 73' lang='lat' dir='ltr'>cujusdem</span> <span class='ocrx_word' id='word_1_24' title='bbox 1151 716 1411 778; x_wconf 69' lang='lat' dir='ltr'>christianissimi</span> <span class='ocrx_word' id='word_1_25' title='bbox 1425 720 1555 798; x_wconf 80' lang='lat' dir='ltr'>epistole</span> <span class='ocrx_word' id='word_1_26' title='bbox 1567 720 1698 800; x_wconf 83' lang='lat' dir='ltr'>directo,</span> <span class='ocrx_word' id='word_1_27' title='bbox 1714 722 1770 802; x_wconf 89' lang='lat' dir='ltr'>qui</span> 
     </span>
     <span class='ocr_line' id='line_1_5' title="bbox 431 792 1520 873; baseline 0.007 -22"><span class='ocrx_word' id='word_1_28' title='bbox 431 800 505 854; x_wconf 86' lang='lat' dir='ltr'>sunt</span> <span class='ocrx_word' id='word_1_29' title='bbox 520 793 555 854; x_wconf 86' lang='lat' dir='ltr'>in</span> <span class='ocrx_word' id='word_1_30' title='bbox 568 792 734 857; x_wconf 73' lang='lat' dir='ltr'><strong><em>Occidente</em></strong></span> <span class='ocrx_word' id='word_1_31' title='bbox 747 813 801 856; x_wconf 88' lang='lat' dir='ltr'>sess</span> <span class='ocrx_word' id='word_1_32' title='bbox 814 795 916 856; x_wconf 80' lang='lat' dir='ltr'>Romu</span> <span class='ocrx_word' id='word_1_33' title='bbox 930 800 961 856; x_wconf 82' lang='lat' dir='ltr'>et</span> <span class='ocrx_word' id='word_1_34' title='bbox 972 793 1010 856; x_wconf 87' lang='lat' dir='ltr'>in</span> <span class='ocrx_word' id='word_1_35' title='bbox 1023 794 1146 873; x_wconf 71' lang='lat' dir='ltr'>Africa,</span> <span class='ocrx_word' id='word_1_36' title='bbox 1163 794 1348 857; x_wconf 69' lang='lat' dir='ltr'>orthodoxis</span> <span class='ocrx_word' id='word_1_37' title='bbox 1361 796 1520 860; x_wconf 83' lang='lat' dir='ltr'>Patribus.</span> 
     </span>
    </p>
   </div>
   <div class='ocr_carea' id='block_1_5' title="bbox 96 978 1791 5371">
    <p class='ocr_par' dir='ltr' id='par_1_5' title="bbox 96 978 1791 5371">
     <span class='ocr_line' id='line_1_6' title="bbox 202 978 1788 1055; baseline -0.002 -17"><span class='ocrx_word' id='word_1_38' title='bbox 202 984 382 1040; x_wconf 75' lang='lat' dir='ltr'>Aittictionum</span> <span class='ocrx_word' id='word_1_39' title='bbox 391 983 708 1055; x_wconf 80' lang='lat' dir='ltr'>mteroresetlacrymas,</span> <span class='ocrx_word' id='word_1_40' title='bbox 722 997 945 1054; x_wconf 80' lang='lat' dir='ltr'>communemque</span> <span class='ocrx_word' id='word_1_41' title='bbox 960 983 985 1043; x_wconf 75' lang='grc' dir='ltr'><strong>Δ</strong></span> <span class='ocrx_word' id='word_1_42' title='bbox 998 979 1159 1052; x_wconf 86' lang='lat' dir='ltr'>apostolum,</span> <span class='ocrx_word' id='word_1_43' title='bbox 1179 983 1208 1035; x_wconf 88' lang='lat' dir='ltr'>et</span> <span class='ocrx_word' id='word_1_44' title='bbox 1230 978 1430 1051; x_wconf 73' lang='lat' dir='ltr'>predicatorem</span> <span class='ocrx_word' id='word_1_45' title='bbox 1455 979 1630 1035; x_wconf 77' lang='lat' dir='ltr'>orthodoxum</span> <span class='ocrx_word' id='word_1_46' title='bbox 1657 980 1788 1036; x_wconf 77' lang='lat' dir='ltr'>veritatis.</span> 
     </span>
     <span class='ocr_line' id='line_1_7' title="bbox 165 1068 1786 1142; baseline -0.001 -18"><span class='ocrx_word' id='word_1_47' title='bbox 165 1071 226 1126; x_wconf 89' lang='lat' dir='ltr'>sine</span> <span class='ocrx_word' id='word_1_48' title='bbox 238 1070 388 1127; x_wconf 89' lang='lat' dir='ltr'>cessatione</span> <span class='ocrx_word' id='word_1_49' title='bbox 401 1085 432 1125; x_wconf 88' lang='lat' dir='ltr'>ac</span> <span class='ocrx_word' id='word_1_50' title='bbox 445 1069 641 1125; x_wconf 86' lang='lat' dir='ltr'>mmstissimam</span> <span class='ocrx_word' id='word_1_51' title='bbox 655 1085 758 1138; x_wconf 88' lang='lat' dir='ltr'>rocem,</span> <span class='ocrx_word' id='word_1_52' title='bbox 773 1086 832 1142; x_wconf 77' lang='lat' dir='ltr'>quse</span> <span class='ocrx_word' id='word_1_53' title='bbox 856 1072 882 1126; x_wconf 90' lang='lat' dir='ltr'>in</span> <span class='ocrx_word' id='word_1_54' title='bbox 901 1070 950 1127; x_wconf 93' lang='lat' dir='ltr'>do·</span> <span class='ocrx_word' id='word_1_55' title='bbox 1000 1070 1054 1127; x_wconf 84' lang='lat' dir='ltr'>Sed</span> <span class='ocrx_word' id='word_1_56' title='bbox 1075 1085 1139 1127; x_wconf 84' lang='lat' dir='ltr'>vere</span> <span class='ocrx_word' id='word_1_57' title='bbox 1162 1070 1212 1126; x_wconf 88' lang='lat' dir='ltr'>iste</span> <span class='ocrx_word' id='word_1_58' title='bbox 1234 1084 1287 1125; x_wconf 91' lang='lat' dir='ltr'>non</span> <span class='ocrx_word' id='word_1_59' title='bbox 1310 1068 1370 1125; x_wconf 88' lang='lat' dir='ltr'>iecit</span> <span class='ocrx_word' id='word_1_60' title='bbox 1386 1069 1568 1139; x_wconf 68' lang='lat' dir='ltr'>pretiosiorem</span> <span class='ocrx_word' id='word_1_61' title='bbox 1584 1069 1697 1125; x_wconf 84' lang='lat' dir='ltr'>enimam</span> <span class='ocrx_word' id='word_1_62' title='bbox 1710 1085 1786 1124; x_wconf 83' lang='lat' dir='ltr'>sunm</span> 
     </span>
     <span class='ocr_line' id='line_1_8' title="bbox 140 1158 1788 1231; baseline -0.001 -15"><span class='ocrx_word' id='word_1_63' title='bbox 140 1169 147 1182; x_wconf 81' lang='lat'><strong><em>‘</em></strong></span> <span class='ocrx_word' id='word_1_64' title='bbox 165 1161 222 1218; x_wconf 92' lang='lat' dir='ltr'>lore</span> <span class='ocrx_word' id='word_1_65' title='bbox 243 1177 276 1217; x_wconf 83' lang='lat' dir='ltr'>es</span> <span class='ocrx_word' id='word_1_66' title='bbox 299 1160 354 1216; x_wconf 91' lang='lat' dir='ltr'>imo</span> <span class='ocrx_word' id='word_1_67' title='bbox 376 1159 466 1217; x_wconf 89' lang='lat' dir='ltr'>cordis</span> <span class='ocrx_word' id='word_1_68' title='bbox 487 1159 589 1229; x_wconf 80' lang='lat' dir='ltr'>prolata</span> <span class='ocrx_word' id='word_1_69' title='bbox 598 1168 649 1226; x_wconf 88' lang='lat' dir='ltr'>est,</span> <span class='ocrx_word' id='word_1_70' title='bbox 674 1169 736 1229; x_wconf 92' lang='lat' dir='ltr'>puto</span> <span class='ocrx_word' id='word_1_71' title='bbox 750 1170 838 1216; x_wconf 89' lang='lat' dir='ltr'>sutem</span> <span class='ocrx_word' id='word_1_72' title='bbox 852 1175 911 1231; x_wconf 73' lang='lat' dir='ltr'>quas</span> <span class='ocrx_word' id='word_1_73' title='bbox 923 1169 951 1217; x_wconf 91' lang='lat' dir='ltr'>et</span> <span class='ocrx_word' id='word_1_74' title='bbox 1002 1175 1044 1228; x_wconf 87' lang='lat' dir='ltr'>se,</span> <span class='ocrx_word' id='word_1_75' title='bbox 1059 1159 1107 1216; x_wconf 88' lang='lat' dir='ltr'>sed</span> <span class='ocrx_word' id='word_1_76' title='bbox 1122 1161 1280 1229; x_wconf 83' lang='lat' dir='ltr'>posuissem</span> <span class='ocrx_word' id='word_1_77' title='bbox 1294 1173 1377 1228; x_wconf 89' lang='lat' dir='ltr'>usque</span> <span class='ocrx_word' id='word_1_78' title='bbox 1395 1158 1428 1213; x_wconf 93' lang='lat' dir='ltr'>ad</span> <span class='ocrx_word' id='word_1_79' title='bbox 1451 1167 1574 1223; x_wconf 90' lang='lat' dir='ltr'>mortem,</span> <span class='ocrx_word' id='word_1_80' title='bbox 1587 1159 1703 1224; x_wconf 89' lang='lat' dir='ltr'>imitans,</span> <span class='ocrx_word' id='word_1_81' title='bbox 1717 1160 1788 1214; x_wconf 88' lang='lat' dir='ltr'>sicut</span> 
     </span>
     <span class='ocr_line' id='line_1_9' title="bbox 166 1239 1789 1321; baseline -0.002 -15"><span class='ocrx_word' id='word_1_82' title='bbox 166 1251 302 1321; x_wconf 79' lang='lat' dir='ltr'>prolectur</span> <span class='ocrx_word' id='word_1_83' title='bbox 317 1239 371 1305; x_wconf 78' lang='lat' dir='ltr'>beo</span> <span class='ocrx_word' id='word_1_84' title='bbox 385 1250 418 1305; x_wconf 88' lang='lat' dir='ltr'>ab</span> <span class='ocrx_word' id='word_1_85' title='bbox 434 1249 476 1304; x_wconf 89' lang='lat' dir='ltr'>bis</span> <span class='ocrx_word' id='word_1_86' title='bbox 489 1249 534 1319; x_wconf 90' lang='lat' dir='ltr'>qui</span> <span class='ocrx_word' id='word_1_87' title='bbox 548 1258 611 1304; x_wconf 91' lang='lat' dir='ltr'>sunt</span> <span class='ocrx_word' id='word_1_88' title='bbox 628 1249 729 1314; x_wconf 76' lang='lat' dir='ltr'>Romu,</span> <span class='ocrx_word' id='word_1_89' title='bbox 753 1249 839 1306; x_wconf 88' lang='lat' dir='ltr'>edbue</span> <span class='ocrx_word' id='word_1_90' title='bbox 860 1262 948 1307; x_wconf 87' lang='lat' dir='ltr'>autent</span> <span class='ocrx_word' id='word_1_91' title='bbox 1000 1248 1099 1305; x_wconf 87' lang='lat' dir='ltr'>dictum</span> <span class='ocrx_word' id='word_1_92' title='bbox 1110 1257 1169 1316; x_wconf 87' lang='lat' dir='ltr'>eat,</span> <span class='ocrx_word' id='word_1_93' title='bbox 1186 1248 1411 1305; x_wconf 81' lang='lat' dir='ltr'>dominumtuum</span> <span class='ocrx_word' id='word_1_94' title='bbox 1426 1246 1557 1304; x_wconf 88' lang='lat' dir='ltr'>dicentem</span> <span class='ocrx_word' id='word_1_95' title='bbox 1574 1266 1580 1302; x_wconf 95' lang='lat'><strong>:</strong></span> <span class='ocrx_word' id='word_1_96' title='bbox 1597 1248 1683 1303; x_wconf 75' lang='lat' dir='ltr'>bonus</span> <span class='ocrx_word' id='word_1_97' title='bbox 1700 1258 1789 1318; x_wconf 82' lang='lat' dir='ltr'>pastor</span> 
     </span>
     <span class='ocr_line' id='line_1_10' title="bbox 163 1335 1789 1410; baseline -0.003 -14"><span class='ocrx_word' id='word_1_98' title='bbox 163 1350 190 1396; x_wconf 85' lang='lat' dir='ltr'>et</span> <span class='ocrx_word' id='word_1_99' title='bbox 203 1342 229 1394; x_wconf 93' lang='lat' dir='ltr'>in</span> <span class='ocrx_word' id='word_1_100' title='bbox 248 1340 321 1393; x_wconf 89' lang='lat' dir='ltr'>omni</span> <span class='ocrx_word' id='word_1_101' title='bbox 337 1339 395 1394; x_wconf 92' lang='lat' dir='ltr'>loco</span> <span class='ocrx_word' id='word_1_102' title='bbox 418 1339 608 1394; x_wconf 87' lang='lat' dir='ltr'>dominationis</span> <span class='ocrx_word' id='word_1_103' title='bbox 621 1338 680 1410; x_wconf 79' lang='lat' dir='ltr'>ejus</span> <span class='ocrx_word' id='word_1_104' title='bbox 700 1338 869 1409; x_wconf 89' lang='lat' dir='ltr'>degentibus</span> <span class='ocrx_word' id='word_1_105' title='bbox 888 1354 951 1395; x_wconf 84' lang='lat' dir='ltr'>sen·</span> <span class='ocrx_word' id='word_1_106' title='bbox 1000 1338 1113 1392; x_wconf 77' lang='lat' dir='ltr'>mimum</span> <span class='ocrx_word' id='word_1_107' title='bbox 1126 1353 1199 1394; x_wconf 86' lang='lat' dir='ltr'>susm</span> <span class='ocrx_word' id='word_1_108' title='bbox 1211 1337 1283 1405; x_wconf 87' lang='lat' dir='ltr'>ponit</span> <span class='ocrx_word' id='word_1_109' title='bbox 1297 1352 1343 1407; x_wconf 90' lang='lat' dir='ltr'>pro</span> <span class='ocrx_word' id='word_1_110' title='bbox 1356 1337 1441 1391; x_wconf 85' lang='lat' dir='ltr'>coibas</span> <span class='ocrx_word' id='word_1_111' title='bbox 1454 1337 1507 1390; x_wconf 86' lang='lat' dir='ltr'>suis</span> <span class='ocrx_word' id='word_1_112' title='bbox 1519 1335 1610 1405; x_wconf 81' lang='lat' dir='ltr'>(icon.</span> <span class='ocrx_word' id='word_1_113' title='bbox 1622 1352 1649 1400; x_wconf 83' lang='lat' dir='ltr'>r,</span> <span class='ocrx_word' id='word_1_114' title='bbox 1664 1337 1719 1406; x_wconf 82' lang='lat' dir='ltr'>ll),</span> <span class='ocrx_word' id='word_1_115' title='bbox 1735 1351 1789 1406; x_wconf 94' lang='lat' dir='ltr'>quo</span> 
     </span>
     <span class='ocr_line' id='line_1_11' title="bbox 163 1424 1787 1500; baseline -0.004 -13"><span class='ocrx_word' id='word_1_116' title='bbox 163 1430 215 1488; x_wconf 88' lang='lat' dir='ltr'>ctis</span> <span class='ocrx_word' id='word_1_117' title='bbox 238 1427 342 1483; x_wconf 83' lang='lat' dir='ltr'>tumulis</span> <span class='ocrx_word' id='word_1_118' title='bbox 368 1427 425 1493; x_wconf 84' lang='lat' dir='ltr'>oet,</span> <span class='ocrx_word' id='word_1_119' title='bbox 440 1435 467 1483; x_wconf 89' lang='lat' dir='ltr'>et</span> <span class='ocrx_word' id='word_1_120' title='bbox 482 1427 604 1483; x_wconf 87' lang='lat' dir='ltr'>lldelibus</span> <span class='ocrx_word' id='word_1_121' title='bbox 619 1428 733 1500; x_wconf 92' lang='lat' dir='ltr'>populis,</span> <span class='ocrx_word' id='word_1_122' title='bbox 757 1442 791 1484; x_wconf 85' lang='lat' dir='ltr'>er</span> <span class='ocrx_word' id='word_1_123' title='bbox 813 1441 866 1498; x_wconf 90' lang='lat' dir='ltr'>quo</span> <span class='ocrx_word' id='word_1_124' title='bbox 880 1426 949 1484; x_wconf 86' lang='lat' dir='ltr'>iacta</span> <span class='ocrx_word' id='word_1_125' title='bbox 1000 1425 1118 1482; x_wconf 79' lang='lat' dir='ltr'>salvares</span> <span class='ocrx_word' id='word_1_126' title='bbox 1141 1424 1240 1495; x_wconf 90' lang='lat' dir='ltr'>ubique</span> <span class='ocrx_word' id='word_1_127' title='bbox 1265 1433 1398 1480; x_wconf 87' lang='lat' dir='ltr'>errantem</span> <span class='ocrx_word' id='word_1_128' title='bbox 1422 1433 1448 1481; x_wconf 91' lang='lat' dir='ltr'>et</span> <span class='ocrx_word' id='word_1_129' title='bbox 1477 1424 1608 1494; x_wconf 88' lang='lat' dir='ltr'>perditam</span> <span class='ocrx_word' id='word_1_130' title='bbox 1634 1426 1737 1494; x_wconf 85' lang='lat' dir='ltr'>plebem</span> <span class='ocrx_word' id='word_1_131' title='bbox 1752 1427 1787 1482; x_wconf 94' lang='lat' dir='ltr'>ab</span> 
     </span>
     <span class='ocr_line' id='line_1_12' title="bbox 163 1513 1787 1589; baseline 0 -15"><span class='ocrx_word' id='word_1_132' title='bbox 163 1528 205 1574; x_wconf 87' lang='lat' dir='ltr'>est</span> <span class='ocrx_word' id='word_1_133' title='bbox 219 1518 368 1589; x_wconf 87' lang='lat' dir='ltr'>persecutio</span> <span class='ocrx_word' id='word_1_134' title='bbox 387 1517 515 1573; x_wconf 73' lang='lat' dir='ltr'>aduersus</span> <span class='ocrx_word' id='word_1_135' title='bbox 541 1519 741 1574; x_wconf 89' lang='lat' dir='ltr'>sanctissimum</span> <span class='ocrx_word' id='word_1_136' title='bbox 767 1517 873 1576; x_wconf 81' lang='lat' dir='ltr'>Patrem</span> <span class='ocrx_word' id='word_1_137' title='bbox 900 1532 949 1574; x_wconf 91' lang='lat' dir='ltr'>no·</span> <span class='ocrx_word' id='word_1_138' title='bbox 1001 1514 1198 1586; x_wconf 71' lang='lat' dir='ltr'>insurgentibus</span> <span class='ocrx_word' id='word_1_139' title='bbox 1211 1513 1310 1571; x_wconf 89' lang='lat' dir='ltr'>nostris</span> <span class='ocrx_word' id='word_1_140' title='bbox 1322 1515 1487 1584; x_wconf 77' lang='lat' dir='ltr'>temporibus</span> <span class='ocrx_word' id='word_1_141' title='bbox 1500 1516 1647 1571; x_wconf 81' lang='lat' dir='ltr'>baereticis.</span> <span class='ocrx_word' id='word_1_142' title='bbox 1661 1517 1787 1574; x_wconf 80' lang='lat' dir='ltr'>Truditus</span> 
     </span>
     <span class='ocr_line' id='line_1_13' title="bbox 164 1602 1787 1678; baseline 0.001 -14"><span class='ocrx_word' id='word_1_143' title='bbox 164 1620 260 1674; x_wconf 86' lang='lat' dir='ltr'>strtrm,</span> <span class='ocrx_word' id='word_1_144' title='bbox 276 1609 332 1665; x_wconf 84' lang='lat' dir='ltr'>Deo</span> <span class='ocrx_word' id='word_1_145' title='bbox 346 1602 527 1665; x_wconf 88' lang='lat' dir='ltr'>beatissimum</span> <span class='ocrx_word' id='word_1_146' title='bbox 539 1620 565 1665; x_wconf 91' lang='lat' dir='ltr'>et</span> <span class='ocrx_word' id='word_1_147' title='bbox 580 1609 684 1666; x_wconf 88' lang='lat' dir='ltr'>lldelem</span> <span class='ocrx_word' id='word_1_148' title='bbox 696 1609 864 1666; x_wconf 78' lang='lat' dir='ltr'>secerdotum</span> <span class='ocrx_word' id='word_1_149' title='bbox 879 1608 951 1678; x_wconf 87' lang='lat' dir='ltr'>prin·</span> <span class='ocrx_word' id='word_1_150' title='bbox 1000 1606 1081 1675; x_wconf 90' lang='lat' dir='ltr'>igitur</span> <span class='ocrx_word' id='word_1_151' title='bbox 1094 1606 1186 1662; x_wconf 77' lang='lat' dir='ltr'>tlemus</span> <span class='ocrx_word' id='word_1_152' title='bbox 1204 1605 1239 1661; x_wconf 89' lang='lat' dir='ltr'>de</span> <span class='ocrx_word' id='word_1_153' title='bbox 1257 1605 1389 1662; x_wconf 86' lang='lat' dir='ltr'>cstbolica</span> <span class='ocrx_word' id='word_1_154' title='bbox 1404 1606 1523 1663; x_wconf 76' lang='lat' dir='ltr'>Ecclesia</span> <span class='ocrx_word' id='word_1_155' title='bbox 1536 1607 1621 1664; x_wconf 89' lang='lat' dir='ltr'>sancti</span> <span class='ocrx_word' id='word_1_156' title='bbox 1636 1609 1754 1677; x_wconf 81' lang='lat' dir='ltr'>ioannis,</span> <span class='ocrx_word' id='word_1_157' title='bbox 1771 1627 1787 1666; x_wconf 86' lang='lat' dir='ltr'>s</span> 
     </span>
     <span class='ocr_line' id='line_1_14' title="bbox 164 1696 1789 1772; baseline 0 -16"><span class='ocrx_word' id='word_1_158' title='bbox 164 1701 251 1771; x_wconf 72' lang='lat' dir='ltr'>dpem</span> <span class='ocrx_word' id='word_1_159' title='bbox 266 1710 293 1756; x_wconf 91' lang='lat' dir='ltr'>et</span> <span class='ocrx_word' id='word_1_160' title='bbox 315 1701 490 1771; x_wconf 84' lang='lat' dir='ltr'>apostolicum</span> <span class='ocrx_word' id='word_1_161' title='bbox 514 1700 691 1757; x_wconf 76' lang='lat' dir='ltr'>universalem</span> <span class='ocrx_word' id='word_1_162' title='bbox 716 1715 823 1772; x_wconf 86' lang='lat' dir='ltr'>papam,</span> <span class='ocrx_word' id='word_1_163' title='bbox 849 1714 881 1756; x_wconf 87' lang='lat' dir='ltr'>sc</span> <span class='ocrx_word' id='word_1_164' title='bbox 903 1714 951 1769; x_wconf 90' lang='lat' dir='ltr'>per</span> <span class='ocrx_word' id='word_1_165' title='bbox 1001 1696 1155 1766; x_wconf 89' lang='lat' dir='ltr'>potentibus</span> <span class='ocrx_word' id='word_1_166' title='bbox 1169 1696 1248 1766; x_wconf 85' lang='lat' dir='ltr'>hujus</span> <span class='ocrx_word' id='word_1_167' title='bbox 1262 1696 1353 1753; x_wconf 81' lang='lat' dir='ltr'>saecull</span> <span class='ocrx_word' id='word_1_168' title='bbox 1368 1696 1408 1751; x_wconf 91' lang='lat' dir='ltr'>bis</span> <span class='ocrx_word' id='word_1_169' title='bbox 1422 1697 1468 1766; x_wconf 92' lang='lat' dir='ltr'>qui</span> <span class='ocrx_word' id='word_1_170' title='bbox 1483 1696 1534 1753; x_wconf 90' lang='lat' dir='ltr'>boc</span> <span class='ocrx_word' id='word_1_171' title='bbox 1548 1709 1623 1754; x_wconf 84' lang='lat' dir='ltr'>oratu</span> <span class='ocrx_word' id='word_1_172' title='bbox 1638 1700 1789 1757; x_wconf 88' lang='lat' dir='ltr'>ministerio</span> 
     </span>
     <span class='ocr_line' id='line_1_15' title="bbox 165 1784 1790 1862; baseline 0.001 -17"><span class='ocrx_word' id='word_1_173' title='bbox 165 1791 216 1846; x_wconf 88' lang='lat' dir='ltr'>boc</span> <span class='ocrx_word' id='word_1_174' title='bbox 241 1792 369 1846; x_wconf 78' lang='lat' dir='ltr'>sdtemus</span> <span class='ocrx_word' id='word_1_175' title='bbox 391 1790 550 1847; x_wconf 83' lang='lat' dir='ltr'>catholicam</span> <span class='ocrx_word' id='word_1_176' title='bbox 579 1792 743 1858; x_wconf 65' lang='lat' dir='ltr'>Ecclesiam</span> <span class='ocrx_word' id='word_1_177' title='bbox 771 1799 834 1862; x_wconf 89' lang='lat' dir='ltr'>puto</span> <span class='ocrx_word' id='word_1_178' title='bbox 859 1799 948 1846; x_wconf 86' lang='lat' dir='ltr'>autern</span> <span class='ocrx_word' id='word_1_179' title='bbox 999 1784 1071 1856; x_wconf 82' lang='lat' dir='ltr'>digni</span> <span class='ocrx_word' id='word_1_180' title='bbox 1083 1785 1209 1853; x_wconf 89' lang='lat' dir='ltr'>ministri,</span> <span class='ocrx_word' id='word_1_181' title='bbox 1234 1794 1314 1856; x_wconf 85' lang='lat' dir='ltr'>utque</span> <span class='ocrx_word' id='word_1_182' title='bbox 1333 1785 1499 1853; x_wconf 82' lang='lat' dir='ltr'>custodibus,</span> <span class='ocrx_word' id='word_1_183' title='bbox 1526 1787 1663 1857; x_wconf 81' lang='lat' dir='ltr'>depositus</span> <span class='ocrx_word' id='word_1_184' title='bbox 1688 1800 1730 1847; x_wconf 86' lang='lat' dir='ltr'>est</span> <span class='ocrx_word' id='word_1_185' title='bbox 1756 1792 1790 1847; x_wconf 88' lang='lat' dir='ltr'>ad</span> 
     </span>
     <span class='ocr_line' id='line_1_16' title="bbox 166 1875 1785 1952; baseline 0.004 -20"><span class='ocrx_word' id='word_1_186' title='bbox 166 1877 293 1934; x_wconf 89' lang='lat' dir='ltr'>bactenus</span> <span class='ocrx_word' id='word_1_187' title='bbox 306 1879 376 1934; x_wconf 88' lang='lat' dir='ltr'>bunc</span> <span class='ocrx_word' id='word_1_188' title='bbox 389 1879 513 1935; x_wconf 89' lang='lat' dir='ltr'>eumdem</span> <span class='ocrx_word' id='word_1_189' title='bbox 528 1893 671 1934; x_wconf 85' lang='lat' dir='ltr'>moeroresn</span> <span class='ocrx_word' id='word_1_190' title='bbox 686 1879 794 1935; x_wconf 89' lang='lat' dir='ltr'>retineri</span> <span class='ocrx_word' id='word_1_191' title='bbox 818 1879 844 1935; x_wconf 92' lang='lat' dir='ltr'>ln</span> <span class='ocrx_word' id='word_1_192' title='bbox 863 1877 947 1943; x_wconf 86' lang='lat' dir='ltr'>robis,</span> <span class='ocrx_word' id='word_1_193' title='bbox 999 1887 1115 1945; x_wconf 89' lang='lat' dir='ltr'>portum,</span> <span class='ocrx_word' id='word_1_194' title='bbox 1131 1886 1157 1931; x_wconf 90' lang='lat' dir='ltr'>et</span> <span class='ocrx_word' id='word_1_195' title='bbox 1171 1875 1308 1945; x_wconf 76' lang='lat' dir='ltr'>coniectus</span> <span class='ocrx_word' id='word_1_196' title='bbox 1322 1885 1364 1933; x_wconf 84' lang='lat' dir='ltr'>est</span> <span class='ocrx_word' id='word_1_197' title='bbox 1383 1877 1410 1932; x_wconf 93' lang='lat' dir='ltr'>in</span> <span class='ocrx_word' id='word_1_198' title='bbox 1429 1877 1527 1941; x_wconf 84' lang='lat' dir='ltr'>lembo,</span> <span class='ocrx_word' id='word_1_199' title='bbox 1548 1888 1576 1934; x_wconf 89' lang='lat' dir='ltr'>et</span> <span class='ocrx_word' id='word_1_200' title='bbox 1590 1882 1785 1952; x_wconf 72' lang='lat' dir='ltr'>navigantibus,</span> 
     </span>
     <span class='ocr_line' id='line_1_17' title="bbox 140 1966 1791 2042; baseline 0.005 -20"><span class='ocrx_word' id='word_1_201' title='bbox 140 2021 145 2042; x_wconf 65' lang='lat'>,</span> <span class='ocrx_word' id='word_1_202' title='bbox 163 1976 192 2023; x_wconf 91' lang='lat' dir='ltr'>et</span> <span class='ocrx_word' id='word_1_203' title='bbox 203 1966 313 2022; x_wconf 86' lang='lat' dir='ltr'>multant</span> <span class='ocrx_word' id='word_1_204' title='bbox 326 1966 533 2022; x_wconf 88' lang='lat' dir='ltr'>sollicitudinem</span> <span class='ocrx_word' id='word_1_205' title='bbox 548 1966 646 2022; x_wconf 79' lang='lat' dir='ltr'>bebere</span> <span class='ocrx_word' id='word_1_206' title='bbox 661 1982 718 2035; x_wconf 85' lang='lat' dir='ltr'>ros,</span> <span class='ocrx_word' id='word_1_207' title='bbox 733 1966 804 2024; x_wconf 88' lang='lat' dir='ltr'>scire</span> <span class='ocrx_word' id='word_1_208' title='bbox 816 1969 951 2038; x_wconf 87' lang='lat' dir='ltr'>quomodo</span> <span class='ocrx_word' id='word_1_209' title='bbox 999 1967 1069 2023; x_wconf 88' lang='lat' dir='ltr'>sieut</span> <span class='ocrx_word' id='word_1_210' title='bbox 1082 1970 1174 2037; x_wconf 90' lang='lat' dir='ltr'>scitis,</span> <span class='ocrx_word' id='word_1_211' title='bbox 1198 1968 1376 2040; x_wconf 76' lang='lat' dir='ltr'>eutitibusqus</span> <span class='ocrx_word' id='word_1_212' title='bbox 1387 1971 1461 2039; x_wconf 80' lang='lat' dir='ltr'>juxta</span> <span class='ocrx_word' id='word_1_213' title='bbox 1481 1972 1603 2040; x_wconf 77' lang='lat' dir='ltr'>Aridum,</span> <span class='ocrx_word' id='word_1_214' title='bbox 1629 1975 1655 2035; x_wconf 91' lang='lat' dir='ltr'>in</span> <span class='ocrx_word' id='word_1_215' title='bbox 1679 1978 1791 2037; x_wconf 83' lang='lat' dir='ltr'>insolam</span> 
     </span>
     <span class='ocr_line' id='line_1_18' title="bbox 167 2057 1791 2139; baseline 0.007 -25"><span class='ocrx_word' id='word_1_216' title='bbox 167 2067 302 2128; x_wconf 86' lang='lat' dir='ltr'>peractum</span> <span class='ocrx_word' id='word_1_217' title='bbox 322 2065 468 2139; x_wconf 86' lang='lat' dir='ltr'>esteontra</span> <span class='ocrx_word' id='word_1_218' title='bbox 483 2071 556 2126; x_wconf 88' lang='lat' dir='ltr'>eum,</span> <span class='ocrx_word' id='word_1_219' title='bbox 571 2057 679 2127; x_wconf 81' lang='lat' dir='ltr'>quando</span> <span class='ocrx_word' id='word_1_220' title='bbox 702 2057 849 2139; x_wconf 30' lang='lat' dir='ltr'>esculatus*</span> <span class='ocrx_word' id='word_1_221' title='bbox 861 2064 903 2112; x_wconf 92' lang='lat' dir='ltr'>est</span> <span class='ocrx_word' id='word_1_222' title='bbox 924 2063 952 2111; x_wconf 93' lang='lat' dir='ltr'>et</span> <span class='ocrx_word' id='word_1_223' title='bbox 999 2071 1058 2127; x_wconf 79' lang='lat' dir='ltr'>quae</span> <span class='ocrx_word' id='word_1_224' title='bbox 1072 2066 1180 2113; x_wconf 78' lang='lat' dir='ltr'>vocatur</span> <span class='ocrx_word' id='word_1_225' title='bbox 1193 2058 1292 2122; x_wconf 82' lang='lat' dir='ltr'>Nesos,</span> <span class='ocrx_word' id='word_1_226' title='bbox 1313 2075 1365 2116; x_wconf 91' lang='lat' dir='ltr'>non</span> <span class='ocrx_word' id='word_1_227' title='bbox 1377 2074 1567 2118; x_wconf 84' lang='lat' dir='ltr'>concesserunt</span> <span class='ocrx_word' id='word_1_228' title='bbox 1586 2065 1663 2123; x_wconf 93' lang='lat' dir='ltr'>beato</span> <span class='ocrx_word' id='word_1_229' title='bbox 1676 2068 1713 2124; x_wconf 88' lang='lat' dir='ltr'>illi</span> <span class='ocrx_word' id='word_1_230' title='bbox 1725 2085 1791 2137; x_wconf 89' lang='lat' dir='ltr'>apo·</span> 
     </span>
     <span class='ocr_line' id='line_1_19' title="bbox 96 2147 1790 2226; baseline 0.008 -22"><span class='ocrx_word' id='word_1_231' title='bbox 96 2212 98 2215; x_wconf 45' lang='grc'><em>,</em></span> <span class='ocrx_word' id='word_1_232' title='bbox 165 2148 350 2218; x_wconf 75' lang='lat' dir='ltr'>perseeutione</span> <span class='ocrx_word' id='word_1_233' title='bbox 365 2148 457 2218; x_wconf 89' lang='lat' dir='ltr'>pulsus</span> <span class='ocrx_word' id='word_1_234' title='bbox 471 2161 487 2204; x_wconf 87' lang='lat' dir='ltr'>a</span> <span class='ocrx_word' id='word_1_235' title='bbox 502 2148 586 2203; x_wconf 77' lang='lat' dir='ltr'>Rome</span> <span class='ocrx_word' id='word_1_236' title='bbox 611 2148 716 2218; x_wconf 80' lang='lat' dir='ltr'>navigio</span> <span class='ocrx_word' id='word_1_237' title='bbox 740 2162 825 2216; x_wconf 89' lang='lat' dir='ltr'>usque</span> <span class='ocrx_word' id='word_1_238' title='bbox 845 2147 950 2217; x_wconf 78' lang='lat' dir='ltr'>byzun-</span> <span class='ocrx_word' id='word_1_239' title='bbox 998 2147 1095 2202; x_wconf 82' lang='lat' dir='ltr'>stolico</span> <span class='ocrx_word' id='word_1_240' title='bbox 1109 2148 1168 2205; x_wconf 82' lang='lat' dir='ltr'>siro</span> <span class='ocrx_word' id='word_1_241' title='bbox 1182 2150 1307 2207; x_wconf 85' lang='lat' dir='ltr'>custodes</span> <span class='ocrx_word' id='word_1_242' title='bbox 1324 2152 1427 2220; x_wconf 91' lang='lat' dir='ltr'>penitus</span> <span class='ocrx_word' id='word_1_243' title='bbox 1441 2154 1596 2225; x_wconf 84' lang='lat' dir='ltr'>contingere</span> <span class='ocrx_word' id='word_1_244' title='bbox 1614 2168 1722 2226; x_wconf 89' lang='lat' dir='ltr'>terram,</span> <span class='ocrx_word' id='word_1_245' title='bbox 1739 2162 1790 2217; x_wconf 89' lang='lat' dir='ltr'>do·</span> 
     </span>
     <span class='ocr_line' id='line_1_20' title="bbox 165 2234 1791 2320; baseline 0.004 -24"><span class='ocrx_word' id='word_1_246' title='bbox 165 2243 242 2296; x_wconf 90' lang='lat' dir='ltr'>tium.</span> <span class='ocrx_word' id='word_1_247' title='bbox 268 2239 329 2294; x_wconf 84' lang='lat' dir='ltr'>ilaec</span> <span class='ocrx_word' id='word_1_248' title='bbox 344 2240 370 2294; x_wconf 89' lang='lat' dir='ltr'>in</span> <span class='ocrx_word' id='word_1_249' title='bbox 384 2248 473 2295; x_wconf 91' lang='lat' dir='ltr'>mente</span> <span class='ocrx_word' id='word_1_250' title='bbox 487 2239 588 2294; x_wconf 89' lang='lat' dir='ltr'>babens</span> <span class='ocrx_word' id='word_1_251' title='bbox 601 2238 810 2308; x_wconf 88' lang='lat' dir='ltr'>egoltumiliset</span> <span class='ocrx_word' id='word_1_252' title='bbox 829 2246 952 2306; x_wconf 81' lang='lat' dir='ltr'>peccator</span> <span class='ocrx_word' id='word_1_253' title='bbox 1003 2234 1119 2293; x_wconf 87' lang='lat' dir='ltr'>lentibus</span> <span class='ocrx_word' id='word_1_254' title='bbox 1144 2253 1253 2308; x_wconf 84' lang='lat' dir='ltr'>prorsus</span> <span class='ocrx_word' id='word_1_255' title='bbox 1279 2241 1390 2311; x_wconf 90' lang='lat' dir='ltr'>pedibus</span> <span class='ocrx_word' id='word_1_256' title='bbox 1411 2244 1481 2312; x_wconf 81' lang='lat' dir='ltr'>ejus,</span> <span class='ocrx_word' id='word_1_257' title='bbox 1504 2261 1564 2302; x_wconf 92' lang='lat' dir='ltr'>cum</span> <span class='ocrx_word' id='word_1_258' title='bbox 1591 2249 1640 2316; x_wconf 90' lang='lat' dir='ltr'>ipsi</span> <span class='ocrx_word' id='word_1_259' title='bbox 1667 2266 1713 2320; x_wconf 84' lang='lat' dir='ltr'>per</span> <span class='ocrx_word' id='word_1_260' title='bbox 1734 2252 1791 2307; x_wconf 82' lang='lat' dir='ltr'>toea</span> 
     </span>
     <span class='ocr_line' id='line_1_21' title="bbox 165 2326 1789 2411; baseline 0.009 -30"><span class='ocrx_word' id='word_1_261' title='bbox 165 2327 280 2383; x_wconf 87' lang='lat' dir='ltr'>lamulus</span> <span class='ocrx_word' id='word_1_262' title='bbox 294 2334 393 2394; x_wconf 81' lang='lat' dir='ltr'>uester,</span> <span class='ocrx_word' id='word_1_263' title='bbox 407 2327 528 2397; x_wconf 73' lang='lat' dir='ltr'>quedam</span> <span class='ocrx_word' id='word_1_264' title='bbox 552 2326 660 2397; x_wconf 89' lang='lat' dir='ltr'>quidem</span> <span class='ocrx_word' id='word_1_265' title='bbox 683 2326 802 2381; x_wconf 79' lang='lat' dir='ltr'>exterius</span> <span class='ocrx_word' id='word_1_266' title='bbox 823 2326 950 2381; x_wconf 85' lang='lat' dir='ltr'>sollicita·</span> <span class='ocrx_word' id='word_1_267' title='bbox 964 2327 1162 2394; x_wconf 82' lang='lat' dir='ltr'>Beonterrent,</span> <span class='ocrx_word' id='word_1_268' title='bbox 1187 2337 1215 2385; x_wconf 87' lang='lat' dir='ltr'>et</span> <span class='ocrx_word' id='word_1_269' title='bbox 1235 2330 1373 2387; x_wconf 77' lang='lat' dir='ltr'>bomnino</span> <span class='ocrx_word' id='word_1_270' title='bbox 1393 2333 1572 2403; x_wconf 78' lang='lat' dir='ltr'>quiescerent</span> <span class='ocrx_word' id='word_1_271' title='bbox 1593 2338 1626 2394; x_wconf 86' lang='lat' dir='ltr'>lii</span> <span class='ocrx_word' id='word_1_272' title='bbox 1640 2351 1727 2396; x_wconf 92' lang='lat' dir='ltr'>autem</span> <span class='ocrx_word' id='word_1_273' title='bbox 1743 2345 1789 2411; x_wconf 86' lang='lat' dir='ltr'>qui</span> 
     </span>
     <span class='ocr_line' id='line_1_22' title="bbox 163 2411 1790 2502; baseline 0.01 -31"><span class='ocrx_word' id='word_1_274' title='bbox 163 2416 227 2471; x_wconf 90' lang='lat' dir='ltr'>dine</span> <span class='ocrx_word' id='word_1_275' title='bbox 241 2416 323 2470; x_wconf 89' lang='lat' dir='ltr'>muita</span> <span class='ocrx_word' id='word_1_276' title='bbox 347 2413 505 2479; x_wconf 86' lang='lat' dir='ltr'>addiscens;</span> <span class='ocrx_word' id='word_1_277' title='bbox 533 2414 706 2482; x_wconf 90' lang='lat' dir='ltr'>plurimorum</span> <span class='ocrx_word' id='word_1_278' title='bbox 730 2423 819 2468; x_wconf 88' lang='lat' dir='ltr'>autem</span> <span class='ocrx_word' id='word_1_279' title='bbox 845 2411 952 2481; x_wconf 90' lang='lat' dir='ltr'>proprie</span> <span class='ocrx_word' id='word_1_280' title='bbox 1003 2430 1050 2485; x_wconf 88' lang='lat' dir='ltr'>per</span> <span class='ocrx_word' id='word_1_281' title='bbox 1062 2417 1119 2471; x_wconf 91' lang='lat' dir='ltr'>loca</span> <span class='ocrx_word' id='word_1_282' title='bbox 1134 2430 1211 2473; x_wconf 90' lang='lat' dir='ltr'>erant</span> <span class='ocrx_word' id='word_1_283' title='bbox 1225 2420 1387 2489; x_wconf 68' lang='lat' dir='ltr'>urendum,</span> <span class='ocrx_word' id='word_1_284' title='bbox 1410 2430 1439 2479; x_wconf 90' lang='lat' dir='ltr'>et</span> <span class='ocrx_word' id='word_1_285' title='bbox 1458 2427 1547 2482; x_wconf 75' lang='lat' dir='ltr'>caeteri</span> <span class='ocrx_word' id='word_1_286' title='bbox 1571 2427 1662 2486; x_wconf 88' lang='lat' dir='ltr'>ildeles</span> <span class='ocrx_word' id='word_1_287' title='bbox 1677 2433 1790 2502; x_wconf 85' lang='lat' dir='ltr'>regionis</span> 
     </span>
     <span class='ocr_line' id='line_1_23' title="bbox 162 2499 1790 2579; baseline 0.012 -20"><span class='ocrx_word' id='word_1_288' title='bbox 162 2503 356 2574; x_wconf 76' lang='lat' dir='ltr'>contemplator</span> <span class='ocrx_word' id='word_1_289' title='bbox 370 2501 465 2569; x_wconf 88' lang='lat' dir='ltr'>lactus,</span> <span class='ocrx_word' id='word_1_290' title='bbox 493 2501 615 2573; x_wconf 84' lang='lat' dir='ltr'>indignus</span> <span class='ocrx_word' id='word_1_291' title='bbox 639 2501 781 2556; x_wconf 86' lang='lat' dir='ltr'>ministerii</span> <span class='ocrx_word' id='word_1_292' title='bbox 803 2499 952 2556; x_wconf 76' lang='lat' dir='ltr'>beatissimi</span> <span class='ocrx_word' id='word_1_293' title='bbox 1002 2505 1094 2575; x_wconf 91' lang='lat' dir='ltr'>ipsius,</span> <span class='ocrx_word' id='word_1_294' title='bbox 1108 2507 1256 2579; x_wconf 73' lang='lat' dir='ltr'>dirigebant</span> <span class='ocrx_word' id='word_1_295' title='bbox 1279 2526 1387 2568; x_wconf 89' lang='lat' dir='ltr'>munera</span> <span class='ocrx_word' id='word_1_296' title='bbox 1412 2513 1491 2571; x_wconf 84' lang='lat' dir='ltr'>beato</span> <span class='ocrx_word' id='word_1_297' title='bbox 1511 2518 1547 2572; x_wconf 92' lang='lat' dir='ltr'>illi</span> <span class='ocrx_word' id='word_1_298' title='bbox 1570 2533 1649 2575; x_wconf 85' lang='lat' dir='ltr'>causo</span> <span class='ocrx_word' id='word_1_299' title='bbox 1668 2524 1790 2579; x_wconf 80' lang='lat' dir='ltr'>utilitatis</span> 
     </span>
     <span class='ocr_line' id='line_1_24' title="bbox 164 2589 1790 2683; baseline 0.009 -32"><span class='ocrx_word' id='word_1_300' title='bbox 164 2604 191 2651; x_wconf 89' lang='lat' dir='ltr'>et</span> <span class='ocrx_word' id='word_1_301' title='bbox 201 2595 310 2665; x_wconf 84' lang='lat' dir='ltr'>pretiosi</span> <span class='ocrx_word' id='word_1_302' title='bbox 323 2592 470 2648; x_wconf 89' lang='lat' dir='ltr'>sacerdotis</span> <span class='ocrx_word' id='word_1_303' title='bbox 493 2593 588 2659; x_wconf 88' lang='lat' dir='ltr'>nostri,</span> <span class='ocrx_word' id='word_1_304' title='bbox 599 2591 715 2662; x_wconf 72' lang='lat' dir='ltr'>iudicari</span> <span class='ocrx_word' id='word_1_305' title='bbox 730 2592 826 2646; x_wconf 86' lang='lat' dir='ltr'>titteris</span> <span class='ocrx_word' id='word_1_306' title='bbox 841 2589 949 2647; x_wconf 90' lang='lat' dir='ltr'>remini·</span> <span class='ocrx_word' id='word_1_307' title='bbox 1001 2593 1070 2666; x_wconf 84' lang='lat' dir='ltr'>ejus,</span> <span class='ocrx_word' id='word_1_308' title='bbox 1089 2611 1143 2653; x_wconf 93' lang='lat' dir='ltr'>non</span> <span class='ocrx_word' id='word_1_309' title='bbox 1157 2612 1245 2669; x_wconf 75' lang='lat' dir='ltr'>parre</span> <span class='ocrx_word' id='word_1_310' title='bbox 1259 2602 1393 2658; x_wconf 89' lang='lat' dir='ltr'>multoties</span> <span class='ocrx_word' id='word_1_311' title='bbox 1405 2607 1572 2675; x_wconf 84' lang='lat' dir='ltr'>qtsaotitasis;</span> <span class='ocrx_word' id='word_1_312' title='bbox 1594 2625 1661 2681; x_wconf 86' lang='lat' dir='ltr'>quas</span> <span class='ocrx_word' id='word_1_313' title='bbox 1683 2615 1790 2683; x_wconf 78' lang='lat' dir='ltr'>quidem</span> 
     </span>
     <span class='ocr_line' id='line_1_25' title="bbox 164 2678 1790 2761; baseline 0.01 -19"><span class='ocrx_word' id='word_1_314' title='bbox 164 2678 215 2754; x_wconf 84' lang='lat' dir='ltr'>sci,</span> <span class='ocrx_word' id='word_1_315' title='bbox 229 2696 257 2742; x_wconf 89' lang='lat' dir='ltr'>et</span> <span class='ocrx_word' id='word_1_316' title='bbox 274 2697 336 2740; x_wconf 86' lang='lat' dir='ltr'>nota</span> <span class='ocrx_word' id='word_1_317' title='bbox 348 2683 447 2751; x_wconf 88' lang='lat' dir='ltr'>iacere,</span> <span class='ocrx_word' id='word_1_318' title='bbox 461 2683 586 2753; x_wconf 86' lang='lat' dir='ltr'>claraque</span> <span class='ocrx_word' id='word_1_319' title='bbox 599 2681 763 2738; x_wconf 83' lang='lat' dir='ltr'>constituero</span> <span class='ocrx_word' id='word_1_320' title='bbox 783 2679 859 2736; x_wconf 82' lang='lat' dir='ltr'>robis</span> <span class='ocrx_word' id='word_1_321' title='bbox 872 2679 952 2735; x_wconf 86' lang='lat' dir='ltr'>bene·</span> <span class='ocrx_word' id='word_1_322' title='bbox 1001 2684 1116 2742; x_wconf 79' lang='lat' dir='ltr'>directus</span> <span class='ocrx_word' id='word_1_323' title='bbox 1128 2688 1232 2758; x_wconf 89' lang='lat' dir='ltr'>species</span> <span class='ocrx_word' id='word_1_324' title='bbox 1242 2698 1270 2746; x_wconf 89' lang='lat' dir='ltr'>et</span> <span class='ocrx_word' id='word_1_325' title='bbox 1281 2692 1442 2761; x_wconf 85' lang='lat' dir='ltr'>quantitates</span> <span class='ocrx_word' id='word_1_326' title='bbox 1454 2696 1578 2752; x_wconf 88' lang='lat' dir='ltr'>custodes</span> <span class='ocrx_word' id='word_1_327' title='bbox 1590 2697 1714 2757; x_wconf 79' lang='lat' dir='ltr'>bestiales</span> <span class='ocrx_word' id='word_1_328' title='bbox 1726 2717 1790 2759; x_wconf 87' lang='lat' dir='ltr'>con·</span> 
     </span>
     <span class='ocr_line' id='line_1_26' title="bbox 164 2769 1789 2856; baseline 0.007 -19"><span class='ocrx_word' id='word_1_329' title='bbox 164 2775 255 2843; x_wconf 76' lang='lat' dir='ltr'>dictis,</span> <span class='ocrx_word' id='word_1_330' title='bbox 285 2785 364 2845; x_wconf 83' lang='lat' dir='ltr'>etque</span> <span class='ocrx_word' id='word_1_331' title='bbox 389 2789 437 2845; x_wconf 86' lang='lat' dir='ltr'>per</span> <span class='ocrx_word' id='word_1_332' title='bbox 459 2787 506 2830; x_wconf 83' lang='lat' dir='ltr'>tos</span> <span class='ocrx_word' id='word_1_333' title='bbox 520 2772 645 2828; x_wconf 76' lang='lat' dir='ltr'>omuibus</span> <span class='ocrx_word' id='word_1_334' title='bbox 668 2770 791 2826; x_wconf 73' lang='lat' dir='ltr'>fidelibus</span> <span class='ocrx_word' id='word_1_335' title='bbox 815 2777 843 2824; x_wconf 87' lang='lat' dir='ltr'>et</span> <span class='ocrx_word' id='word_1_336' title='bbox 864 2769 951 2824; x_wconf 69' lang='lat' dir='ltr'>ultim</span> <span class='ocrx_word' id='word_1_337' title='bbox 1002 2779 1176 2834; x_wconf 91' lang='lat' dir='ltr'>tinuocoram</span> <span class='ocrx_word' id='word_1_338' title='bbox 1191 2794 1225 2835; x_wconf 92' lang='lat' dir='ltr'>eo</span> <span class='ocrx_word' id='word_1_339' title='bbox 1248 2781 1417 2851; x_wconf 88' lang='lat' dir='ltr'>diripiebant,</span> <span class='ocrx_word' id='word_1_340' title='bbox 1441 2784 1631 2856; x_wconf 87' lang='lat' dir='ltr'>improperiosa</span> <span class='ocrx_word' id='word_1_341' title='bbox 1653 2799 1681 2844; x_wconf 90' lang='lat' dir='ltr'>et</span> <span class='ocrx_word' id='word_1_342' title='bbox 1699 2805 1789 2848; x_wconf 84' lang='lat' dir='ltr'>amara</span> 
     </span>
     <span class='ocr_line' id='line_1_27' title="bbox 166 2861 1790 2949; baseline 0.01 -27"><span class='ocrx_word' id='word_1_343' title='bbox 166 2865 326 2922; x_wconf 68' lang='lat' dir='ltr'>hamensibus</span> <span class='ocrx_word' id='word_1_344' title='bbox 348 2864 459 2920; x_wconf 71' lang='lat' dir='ltr'>culture</span> <span class='ocrx_word' id='word_1_345' title='bbox 482 2861 590 2930; x_wconf 74' lang='lat' dir='ltr'>divinus,</span> <span class='ocrx_word' id='word_1_346' title='bbox 613 2869 745 2930; x_wconf 76' lang='lat' dir='ltr'>quatenus</span> <span class='ocrx_word' id='word_1_347' title='bbox 761 2866 952 2930; x_wconf 70' lang='lat' dir='ltr'>cognoscentes</span> <span class='ocrx_word' id='word_1_348' title='bbox 1001 2865 1112 2935; x_wconf 87' lang='lat' dir='ltr'>plurima</span> <span class='ocrx_word' id='word_1_349' title='bbox 1125 2879 1300 2940; x_wconf 80' lang='lat' dir='ltr'>congerentes</span> <span class='ocrx_word' id='word_1_350' title='bbox 1314 2872 1341 2927; x_wconf 88' lang='lat' dir='ltr'>in</span> <span class='ocrx_word' id='word_1_351' title='bbox 1356 2887 1428 2928; x_wconf 90' lang='lat' dir='ltr'>eum.</span> <span class='ocrx_word' id='word_1_352' title='bbox 1445 2874 1496 2930; x_wconf 75' lang='lat' dir='ltr'>tos</span> <span class='ocrx_word' id='word_1_353' title='bbox 1513 2885 1602 2932; x_wconf 86' lang='lat' dir='ltr'>sutem</span> <span class='ocrx_word' id='word_1_354' title='bbox 1623 2878 1669 2949; x_wconf 92' lang='lat' dir='ltr'>qui</span> <span class='ocrx_word' id='word_1_355' title='bbox 1691 2897 1790 2938; x_wconf 90' lang='lat' dir='ltr'>munu-</span> 
     </span>
     <span class='ocr_line' id='line_1_28' title="bbox 164 2947 1789 3028; baseline 0.008 -15"><span class='ocrx_word' id='word_1_356' title='bbox 164 2970 226 3014; x_wconf 90' lang='lat' dir='ltr'>cum</span> <span class='ocrx_word' id='word_1_357' title='bbox 240 2956 331 3012; x_wconf 88' lang='lat' dir='ltr'>cordis</span> <span class='ocrx_word' id='word_1_358' title='bbox 346 2955 526 3012; x_wconf 81' lang='lat' dir='ltr'>moestitudioe</span> <span class='ocrx_word' id='word_1_359' title='bbox 550 2967 653 3009; x_wconf 87' lang='lat' dir='ltr'>mecum</span> <span class='ocrx_word' id='word_1_360' title='bbox 667 2951 742 3006; x_wconf 90' lang='lat' dir='ltr'>illum</span> <span class='ocrx_word' id='word_1_361' title='bbox 767 2947 950 3021; x_wconf 83' lang='lat' dir='ltr'>propbeticutn</span> <span class='ocrx_word' id='word_1_362' title='bbox 1000 2955 1072 3010; x_wconf 89' lang='lat' dir='ltr'>scula</span> <span class='ocrx_word' id='word_1_363' title='bbox 1082 2955 1249 3027; x_wconf 83' lang='lat' dir='ltr'>detulissent,</span> <span class='ocrx_word' id='word_1_364' title='bbox 1265 2959 1367 3028; x_wconf 79' lang='lat' dir='ltr'>iniuriis</span> <span class='ocrx_word' id='word_1_365' title='bbox 1381 2971 1408 3017; x_wconf 89' lang='lat' dir='ltr'>ct</span> <span class='ocrx_word' id='word_1_366' title='bbox 1423 2962 1577 3019; x_wconf 84' lang='lat' dir='ltr'>verberibus</span> <span class='ocrx_word' id='word_1_367' title='bbox 1589 2966 1734 3025; x_wconf 78' lang='lat' dir='ltr'>afficientes</span> <span class='ocrx_word' id='word_1_368' title='bbox 1748 2971 1789 3026; x_wconf 86' lang='lat' dir='ltr'>tt-</span> 
     </span>
     <span class='ocr_line' id='line_1_29' title="bbox 165 3042 1789 3127; baseline -0.001 -24"><span class='ocrx_word' id='word_1_369' title='bbox 165 3061 316 3103; x_wconf 85' lang='lat' dir='ltr'>sermonem</span> <span class='ocrx_word' id='word_1_370' title='bbox 330 3045 487 3117; x_wconf 65' lang='lat' dir='ltr'>protestis:</span> <span class='ocrx_word' id='word_1_371' title='bbox 505 3044 566 3110; x_wconf 81' lang='lat' dir='ltr'>Quis</span> <span class='ocrx_word' id='word_1_372' title='bbox 587 3042 657 3098; x_wconf 78' lang='lat' dir='ltr'>duic</span> <span class='ocrx_word' id='word_1_373' title='bbox 679 3042 757 3111; x_wconf 83' lang='lat' dir='ltr'>cupiti</span> <span class='ocrx_word' id='word_1_374' title='bbox 777 3055 832 3095; x_wconf 82' lang='lat' dir='ltr'>mro</span> <span class='ocrx_word' id='word_1_375' title='bbox 846 3054 950 3110; x_wconf 71' lang='lat' dir='ltr'>msere,</span> <span class='ocrx_word' id='word_1_376' title='bbox 1000 3046 1150 3114; x_wconf 72' lang='lat' dir='ltr'>mittebant,</span> <span class='ocrx_word' id='word_1_377' title='bbox 1165 3048 1405 3107; x_wconf 86' lang='lat' dir='ltr'>dicentessdeos:</span> <span class='ocrx_word' id='word_1_378' title='bbox 1420 3051 1550 3117; x_wconf 86' lang='lat' dir='ltr'>Quoniam</span> <span class='ocrx_word' id='word_1_379' title='bbox 1564 3055 1713 3127; x_wconf 68' lang='lat' dir='ltr'>quicunque</span> <span class='ocrx_word' id='word_1_380' title='bbox 1728 3059 1789 3114; x_wconf 66' lang='lat' dir='ltr'>dett.</span> 
     </span>
     <span class='ocr_line' id='line_1_30' title="bbox 162 3133 1790 3214; baseline 0.004 -20"><span class='ocrx_word' id='word_1_381' title='bbox 162 3149 187 3194; x_wconf 74' lang='grc' dir='ltr'>σι</span> <span class='ocrx_word' id='word_1_382' title='bbox 200 3138 282 3194; x_wconf 84' lang='lat' dir='ltr'>oculis</span> <span class='ocrx_word' id='word_1_383' title='bbox 296 3138 357 3193; x_wconf 70' lang='lat' dir='ltr'>nens</span> <span class='ocrx_word' id='word_1_384' title='bbox 378 3139 475 3209; x_wconf 73' lang='lat' dir='ltr'>[entem</span> <span class='ocrx_word' id='word_1_385' title='bbox 498 3141 682 3207; x_wconf 83' lang='lat' dir='ltr'>tucrgmerusn,</span> <span class='ocrx_word' id='word_1_386' title='bbox 706 3144 731 3189; x_wconf 88' lang='lat' dir='ltr'>et</span> <span class='ocrx_word' id='word_1_387' title='bbox 754 3133 862 3204; x_wconf 84' lang='lat' dir='ltr'>plesclo</span> <span class='ocrx_word' id='word_1_388' title='bbox 873 3133 951 3188; x_wconf 88' lang='lat' dir='ltr'>diest</span> <span class='ocrx_word' id='word_1_389' title='bbox 1000 3134 1063 3204; x_wconf 91' lang='lat' dir='ltr'>gitis</span> <span class='ocrx_word' id='word_1_390' title='bbox 1076 3136 1165 3201; x_wconf 89' lang='lat' dir='ltr'>istum,</span> <span class='ocrx_word' id='word_1_391' title='bbox 1178 3137 1276 3194; x_wconf 90' lang='lat' dir='ltr'>inimici</span> <span class='ocrx_word' id='word_1_392' title='bbox 1288 3140 1353 3194; x_wconf 87' lang='lat' dir='ltr'>estis</span> <span class='ocrx_word' id='word_1_393' title='bbox 1365 3139 1529 3207; x_wconf 70' lang='lat' dir='ltr'>reipublice.</span> <span class='ocrx_word' id='word_1_394' title='bbox 1543 3141 1726 3214; x_wconf 87' lang='lat' dir='ltr'>Nunquidnam</span> <span class='ocrx_word' id='word_1_395' title='bbox 1739 3148 1790 3203; x_wconf 83' lang='lat' dir='ltr'>boe</span> 
     </span>
     <span class='ocr_line' id='line_1_31' title="bbox 163 3225 1788 3303; baseline 0.004 -17"><span class='ocrx_word' id='word_1_396' title='bbox 163 3243 237 3287; x_wconf 83' lang='lat' dir='ltr'>nocte</span> <span class='ocrx_word' id='word_1_397' title='bbox 251 3229 357 3302; x_wconf 77' lang='lat' dir='ltr'>(inem.</span> <span class='ocrx_word' id='word_1_398' title='bbox 373 3245 411 3293; x_wconf 84' lang='lat' dir='ltr'>ts,</span> <span class='ocrx_word' id='word_1_399' title='bbox 436 3229 480 3300; x_wconf 81' lang='lat' dir='ltr'>ld)</span> <span class='ocrx_word' id='word_1_400' title='bbox 495 3228 669 3284; x_wconf 85' lang='lat' dir='ltr'>contritiones</span> <span class='ocrx_word' id='word_1_401' title='bbox 695 3225 834 3282; x_wconf 84' lang='lat' dir='ltr'>catbotless</span> <span class='ocrx_word' id='word_1_402' title='bbox 857 3225 950 3280; x_wconf 79' lang='lat' dir='ltr'>Eccle-</span> <span class='ocrx_word' id='word_1_403' title='bbox 1000 3226 1123 3282; x_wconf 79' lang='lat' dir='ltr'>tolomei</span> <span class='ocrx_word' id='word_1_404' title='bbox 1135 3242 1188 3283; x_wconf 92' lang='lat' dir='ltr'>non</span> <span class='ocrx_word' id='word_1_405' title='bbox 1200 3228 1541 3286; x_wconf 80' lang='lat' dir='ltr'>satebastntenedntorem</span> <span class='ocrx_word' id='word_1_406' title='bbox 1555 3233 1788 3303; x_wconf 77' lang='lat' dir='ltr'>incomparabilem</span> 
     </span>
     <span class='ocr_line' id='line_1_32' title="bbox 164 3315 1788 3394; baseline 0.003 -16"><span class='ocrx_word' id='word_1_407' title='bbox 164 3324 212 3378; x_wconf 80' lang='lat' dir='ltr'>siae</span> <span class='ocrx_word' id='word_1_408' title='bbox 236 3331 264 3378; x_wconf 90' lang='lat' dir='ltr'>et</span> <span class='ocrx_word' id='word_1_409' title='bbox 288 3320 407 3376; x_wconf 91' lang='lat' dir='ltr'>omnium</span> <span class='ocrx_word' id='word_1_410' title='bbox 426 3318 660 3385; x_wconf 81' lang='lat' dir='ltr'>christianorum,</span> <span class='ocrx_word' id='word_1_411' title='bbox 684 3315 739 3372; x_wconf 88' lang='lat' dir='ltr'>imo</span> <span class='ocrx_word' id='word_1_412' title='bbox 762 3318 948 3387; x_wconf 87' lang='lat' dir='ltr'>perditionem,</span> <span class='ocrx_word' id='word_1_413' title='bbox 1002 3329 1083 3387; x_wconf 87' lang='lat' dir='ltr'>super</span> <span class='ocrx_word' id='word_1_414' title='bbox 1098 3318 1278 3375; x_wconf 88' lang='lat' dir='ltr'>inllrmitatem</span> <span class='ocrx_word' id='word_1_415' title='bbox 1293 3335 1353 3391; x_wconf 86' lang='lat' dir='ltr'>quas</span> <span class='ocrx_word' id='word_1_416' title='bbox 1372 3335 1432 3376; x_wconf 87' lang='lat' dir='ltr'>euro</span> <span class='ocrx_word' id='word_1_417' title='bbox 1447 3337 1517 3390; x_wconf 80' lang='lat' dir='ltr'>segre</span> <span class='ocrx_word' id='word_1_418' title='bbox 1537 3324 1719 3394; x_wconf 78' lang='lat' dir='ltr'>deprimebatt</span> <span class='ocrx_word' id='word_1_419' title='bbox 1733 3329 1788 3383; x_wconf 78' lang='lat' dir='ltr'>Er-</span> 
     </span>
     <span class='ocr_line' id='line_1_33' title="bbox 163 3406 1789 3484; baseline 0.004 -18"><span class='ocrx_word' id='word_1_420' title='bbox 163 3421 271 3482; x_wconf 87' lang='lat' dir='ltr'>proptcr</span> <span class='ocrx_word' id='word_1_421' title='bbox 285 3427 316 3467; x_wconf 82' lang='lat' dir='ltr'>eu</span> <span class='ocrx_word' id='word_1_422' title='bbox 327 3425 387 3482; x_wconf 78' lang='lat' dir='ltr'>quas</span> <span class='ocrx_word' id='word_1_423' title='bbox 400 3419 459 3465; x_wconf 86' lang='lat' dir='ltr'>acta</span> <span class='ocrx_word' id='word_1_424' title='bbox 472 3418 535 3466; x_wconf 90' lang='lat' dir='ltr'>sunt</span> <span class='ocrx_word' id='word_1_425' title='bbox 548 3408 574 3464; x_wconf 93' lang='lat' dir='ltr'>io</span> <span class='ocrx_word' id='word_1_426' title='bbox 589 3408 695 3463; x_wconf 88' lang='lat' dir='ltr'>beatum</span> <span class='ocrx_word' id='word_1_427' title='bbox 721 3417 748 3462; x_wconf 89' lang='lat' dir='ltr'>et</span> <span class='ocrx_word' id='word_1_428' title='bbox 774 3406 828 3462; x_wconf 86' lang='lat' dir='ltr'>[leo</span> <span class='ocrx_word' id='word_1_429' title='bbox 842 3407 949 3476; x_wconf 89' lang='lat' dir='ltr'>plenum</span> <span class='ocrx_word' id='word_1_430' title='bbox 1000 3407 1062 3463; x_wconf 90' lang='lat' dir='ltr'>inde</span> <span class='ocrx_word' id='word_1_431' title='bbox 1077 3409 1157 3478; x_wconf 89' lang='lat' dir='ltr'>igitur</span> <span class='ocrx_word' id='word_1_432' title='bbox 1167 3410 1358 3478; x_wconf 74' lang='lat' dir='ltr'>premittentes</span> <span class='ocrx_word' id='word_1_433' title='bbox 1377 3411 1411 3466; x_wconf 89' lang='lat' dir='ltr'>ab</span> <span class='ocrx_word' id='word_1_434' title='bbox 1430 3411 1515 3467; x_wconf 79' lang='lat' dir='ltr'>Asido</span> <span class='ocrx_word' id='word_1_435' title='bbox 1533 3415 1683 3484; x_wconf 89' lang='lat' dir='ltr'>quemdam,</span> <span class='ocrx_word' id='word_1_436' title='bbox 1699 3427 1789 3474; x_wconf 89' lang='lat' dir='ltr'>custo·</span> 
     </span>
     <span class='ocr_line' id='line_1_34' title="bbox 162 3495 1789 3576; baseline 0.002 -18"><span class='ocrx_word' id='word_1_437' title='bbox 162 3503 257 3558; x_wconf 90' lang='lat' dir='ltr'>ducem</span> <span class='ocrx_word' id='word_1_438' title='bbox 273 3501 391 3557; x_wconf 85' lang='lat' dir='ltr'>ueritatis</span> <span class='ocrx_word' id='word_1_439' title='bbox 404 3508 433 3555; x_wconf 86' lang='lat' dir='ltr'>et</span> <span class='ocrx_word' id='word_1_440' title='bbox 449 3496 672 3570; x_wconf 70' lang='lat' dir='ltr'>predicatorem?</span> <span class='ocrx_word' id='word_1_441' title='bbox 687 3495 873 3552; x_wconf 76' lang='lat' dir='ltr'>veruntamen</span> <span class='ocrx_word' id='word_1_442' title='bbox 892 3495 949 3551; x_wconf 84' lang='lat' dir='ltr'>[leo</span> <span class='ocrx_word' id='word_1_443' title='bbox 999 3495 1046 3551; x_wconf 86' lang='lat' dir='ltr'>des</span> <span class='ocrx_word' id='word_1_444' title='bbox 1067 3497 1113 3566; x_wconf 89' lang='lat' dir='ltr'>qni</span> <span class='ocrx_word' id='word_1_445' title='bbox 1136 3498 1286 3554; x_wconf 80' lang='lat' dir='ltr'>retinebunt</span> <span class='ocrx_word' id='word_1_446' title='bbox 1307 3514 1377 3564; x_wconf 90' lang='lat' dir='ltr'>eum,</span> <span class='ocrx_word' id='word_1_447' title='bbox 1402 3501 1588 3557; x_wconf 83' lang='lat' dir='ltr'>nuntiaverunt</span> <span class='ocrx_word' id='word_1_448' title='bbox 1611 3503 1637 3558; x_wconf 91' lang='lat' dir='ltr'>in</span> <span class='ocrx_word' id='word_1_449' title='bbox 1662 3504 1789 3576; x_wconf 67' lang='lat' dir='ltr'>Byzantio</span> 
     </span>
     <span class='ocr_line' id='line_1_35' title="bbox 162 3584 1788 3664; baseline 0.002 -15"><span class='ocrx_word' id='word_1_450' title='bbox 162 3593 259 3664; x_wconf 88' lang='lat' dir='ltr'>glorio,</span> <span class='ocrx_word' id='word_1_451' title='bbox 274 3593 319 3663; x_wconf 91' lang='lat' dir='ltr'>qui</span> <span class='ocrx_word' id='word_1_452' title='bbox 342 3590 416 3646; x_wconf 91' lang='lat' dir='ltr'>dedit</span> <span class='ocrx_word' id='word_1_453' title='bbox 429 3591 456 3647; x_wconf 88' lang='lat' dir='ltr'>ei</span> <span class='ocrx_word' id='word_1_454' title='bbox 476 3591 599 3646; x_wconf 81' lang='lat' dir='ltr'>virtutem</span> <span class='ocrx_word' id='word_1_455' title='bbox 614 3595 642 3644; x_wconf 92' lang='lat' dir='ltr'>et</span> <span class='ocrx_word' id='word_1_456' title='bbox 661 3585 841 3644; x_wconf 70' lang='lat' dir='ltr'>sufferentiam</span> <span class='ocrx_word' id='word_1_457' title='bbox 865 3587 947 3643; x_wconf 89' lang='lat' dir='ltr'>stabi·</span> <span class='ocrx_word' id='word_1_458' title='bbox 997 3584 1139 3641; x_wconf 75' lang='lat' dir='ltr'>adsensun</span> <span class='ocrx_word' id='word_1_459' title='bbox 1162 3595 1190 3642; x_wconf 87' lang='lat' dir='ltr'>st</span> <span class='ocrx_word' id='word_1_460' title='bbox 1211 3589 1361 3657; x_wconf 86' lang='lat' dir='ltr'>captionem</span> <span class='ocrx_word' id='word_1_461' title='bbox 1382 3588 1451 3659; x_wconf 83' lang='lat' dir='ltr'>ejus,</span> <span class='ocrx_word' id='word_1_462' title='bbox 1476 3591 1640 3660; x_wconf 86' lang='lat' dir='ltr'>proterentes</span> <span class='ocrx_word' id='word_1_463' title='bbox 1657 3594 1788 3652; x_wconf 85' lang='lat' dir='ltr'>adversus</span> 
     </span>
     <span class='ocr_line' id='line_1_36' title="bbox 162 3666 1786 3754; baseline 0 -13"><span class='ocrx_word' id='word_1_464' title='bbox 162 3687 214 3741; x_wconf 89' lang='lat' dir='ltr'>iem</span> <span class='ocrx_word' id='word_1_465' title='bbox 228 3685 255 3739; x_wconf 91' lang='lat' dir='ltr'>in</span> <span class='ocrx_word' id='word_1_466' title='bbox 276 3681 467 3739; x_wconf 89' lang='lat' dir='ltr'>tentationibus</span> <span class='ocrx_word' id='word_1_467' title='bbox 481 3696 541 3751; x_wconf 82' lang='lat' dir='ltr'>quae</span> <span class='ocrx_word' id='word_1_468' title='bbox 554 3688 767 3751; x_wconf 80' lang='lat' dir='ltr'>supervenerunt</span> <span class='ocrx_word' id='word_1_469' title='bbox 789 3679 814 3734; x_wconf 92' lang='lat' dir='ltr'>ei</span> <span class='ocrx_word' id='word_1_470' title='bbox 838 3695 853 3734; x_wconf 90' lang='lat' dir='ltr'>a</span> <span class='ocrx_word' id='word_1_471' title='bbox 877 3692 947 3734; x_wconf 88' lang='lat' dir='ltr'>con·</span> <span class='ocrx_word' id='word_1_472' title='bbox 960 3666 983 3732; x_wconf 82' lang='lat' dir='ltr'>C</span> <span class='ocrx_word' id='word_1_473' title='bbox 997 3688 1058 3729; x_wconf 87' lang='lat' dir='ltr'>eunt</span> <span class='ocrx_word' id='word_1_474' title='bbox 1075 3676 1187 3744; x_wconf 91' lang='lat' dir='ltr'>plurima</span> <span class='ocrx_word' id='word_1_475' title='bbox 1203 3677 1282 3743; x_wconf 88' lang='lat' dir='ltr'>mala,</span> <span class='ocrx_word' id='word_1_476' title='bbox 1303 3676 1455 3734; x_wconf 70' lang='lat' dir='ltr'>hereticum</span> <span class='ocrx_word' id='word_1_477' title='bbox 1471 3690 1497 3735; x_wconf 90' lang='lat' dir='ltr'>et</span> <span class='ocrx_word' id='word_1_478' title='bbox 1511 3681 1649 3738; x_wconf 83' lang='lat' dir='ltr'>rebellem.</span> <span class='ocrx_word' id='word_1_479' title='bbox 1666 3684 1786 3754; x_wconf 81' lang='lat' dir='ltr'>benique</span> 
     </span>
     <span class='ocr_line' id='line_1_37' title="bbox 168 3762 1787 3840; baseline -0.001 -10"><span class='ocrx_word' id='word_1_480' title='bbox 168 3775 256 3830; x_wconf 90' lang='lat' dir='ltr'>trariis</span> <span class='ocrx_word' id='word_1_481' title='bbox 271 3772 411 3828; x_wconf 77' lang='lat' dir='ltr'>uirtutibus</span> <span class='ocrx_word' id='word_1_482' title='bbox 424 3780 452 3827; x_wconf 90' lang='lat' dir='ltr'>et</span> <span class='ocrx_word' id='word_1_483' title='bbox 464 3773 537 3838; x_wconf 83' lang='lat' dir='ltr'>siris,</span> <span class='ocrx_word' id='word_1_484' title='bbox 560 3772 586 3825; x_wconf 89' lang='lat' dir='ltr'>in</span> <span class='ocrx_word' id='word_1_485' title='bbox 608 3769 785 3840; x_wconf 78' lang='lat' dir='ltr'>expugnando</span> <span class='ocrx_word' id='word_1_486' title='bbox 797 3777 825 3824; x_wconf 86' lang='lat' dir='ltr'>et</span> <span class='ocrx_word' id='word_1_487' title='bbox 838 3769 948 3824; x_wconf 81' lang='lat' dir='ltr'>uiriliter</span> <span class='ocrx_word' id='word_1_488' title='bbox 1000 3762 1180 3819; x_wconf 76' lang='lat' dir='ltr'>sdrnssrtun</span> <span class='ocrx_word' id='word_1_489' title='bbox 1200 3766 1407 3835; x_wconf 86' lang='lat' dir='ltr'>proclamantes,</span> <span class='ocrx_word' id='word_1_490' title='bbox 1429 3778 1457 3824; x_wconf 91' lang='lat' dir='ltr'>et</span> <span class='ocrx_word' id='word_1_491' title='bbox 1471 3769 1667 3829; x_wconf 84' lang='lat' dir='ltr'>subvertentem</span> <span class='ocrx_word' id='word_1_492' title='bbox 1681 3775 1787 3832; x_wconf 78' lang='lat' dir='ltr'>uniter·</span> 
     </span>
     <span class='ocr_line' id='line_1_38' title="bbox 161 3853 1786 3932; baseline 0 -12"><span class='ocrx_word' id='word_1_493' title='bbox 161 3864 314 3920; x_wconf 75' lang='lat' dir='ltr'>dimicando</span> <span class='ocrx_word' id='word_1_494' title='bbox 329 3877 378 3932; x_wconf 89' lang='lat' dir='ltr'>pro</span> <span class='ocrx_word' id='word_1_495' title='bbox 387 3861 459 3916; x_wconf 91' lang='lat' dir='ltr'>cultu</span> <span class='ocrx_word' id='word_1_496' title='bbox 473 3859 530 3927; x_wconf 86' lang='lat' dir='ltr'>Dei,</span> <span class='ocrx_word' id='word_1_497' title='bbox 543 3858 762 3927; x_wconf 88' lang='lat' dir='ltr'>irrelragabiliter</span> <span class='ocrx_word' id='word_1_498' title='bbox 771 3865 799 3912; x_wconf 88' lang='lat' dir='ltr'>et</span> <span class='ocrx_word' id='word_1_499' title='bbox 811 3870 860 3926; x_wconf 88' lang='lat' dir='ltr'>spe</span> <span class='ocrx_word' id='word_1_500' title='bbox 872 3856 947 3911; x_wconf 75' lang='lat' dir='ltr'>firma</span> <span class='ocrx_word' id='word_1_501' title='bbox 998 3865 1056 3908; x_wconf 72' lang='lat' dir='ltr'>um</span> <span class='ocrx_word' id='word_1_502' title='bbox 1068 3860 1167 3909; x_wconf 90' lang='lat' dir='ltr'>terram</span> <span class='ocrx_word' id='word_1_503' title='bbox 1187 3853 1376 3911; x_wconf 78' lang='lat' dir='ltr'>Romanorum.</span> <span class='ocrx_word' id='word_1_504' title='bbox 1391 3855 1510 3926; x_wconf 81' lang='lat' dir='ltr'>Cumque</span> <span class='ocrx_word' id='word_1_505' title='bbox 1530 3863 1634 3916; x_wconf 89' lang='lat' dir='ltr'>tandem</span> <span class='ocrx_word' id='word_1_506' title='bbox 1651 3867 1786 3932; x_wconf 83' lang='lat' dir='ltr'>pervenis·</span> 
     </span>
     <span class='ocr_line' id='line_1_39' title="bbox 161 3944 1786 4026; baseline 0.002 -18"><span class='ocrx_word' id='word_1_507' title='bbox 161 3968 246 4026; x_wconf 83' lang='lat' dir='ltr'>usque</span> <span class='ocrx_word' id='word_1_508' title='bbox 256 3953 289 4008; x_wconf 88' lang='lat' dir='ltr'>ad</span> <span class='ocrx_word' id='word_1_509' title='bbox 305 3960 417 4014; x_wconf 84' lang='lat' dir='ltr'>mortem</span> <span class='ocrx_word' id='word_1_510' title='bbox 432 3963 534 4020; x_wconf 90' lang='lat' dir='ltr'>ponens</span> <span class='ocrx_word' id='word_1_511' title='bbox 545 3949 660 4003; x_wconf 90' lang='lat' dir='ltr'>animam</span> <span class='ocrx_word' id='word_1_512' title='bbox 675 3961 762 4014; x_wconf 86' lang='lat' dir='ltr'>suam,</span> <span class='ocrx_word' id='word_1_513' title='bbox 777 3956 875 4016; x_wconf 89' lang='lat' dir='ltr'>utpote</span> <span class='ocrx_word' id='word_1_514' title='bbox 889 3946 947 4002; x_wconf 90' lang='lat' dir='ltr'>imi·</span> <span class='ocrx_word' id='word_1_515' title='bbox 998 3953 1039 3999; x_wconf 86' lang='lat' dir='ltr'>set</span> <span class='ocrx_word' id='word_1_516' title='bbox 1052 3944 1208 4012; x_wconf 79' lang='lat' dir='ltr'>Byzantium</span> <span class='ocrx_word' id='word_1_517' title='bbox 1221 3945 1314 4002; x_wconf 91' lang='lat' dir='ltr'>beatus</span> <span class='ocrx_word' id='word_1_518' title='bbox 1337 3945 1382 4002; x_wconf 90' lang='lat' dir='ltr'>illo</span> <span class='ocrx_word' id='word_1_519' title='bbox 1396 3947 1509 4015; x_wconf 88' lang='lat' dir='ltr'>septimo</span> <span class='ocrx_word' id='word_1_520' title='bbox 1530 3950 1634 4006; x_wconf 89' lang='lat' dir='ltr'>decimo</span> <span class='ocrx_word' id='word_1_521' title='bbox 1653 3954 1696 4010; x_wconf 88' lang='lat' dir='ltr'>die</span> <span class='ocrx_word' id='word_1_522' title='bbox 1737 3955 1786 4010; x_wconf 87' lang='lat' dir='ltr'>Se·</span> 
     </span>
     <span class='ocr_line' id='line_1_40' title="bbox 162 4031 1785 4115; baseline -0.005 -14"><span class='ocrx_word' id='word_1_523' title='bbox 162 4053 232 4102; x_wconf 91' lang='lat' dir='ltr'>tator</span> <span class='ocrx_word' id='word_1_524' title='bbox 243 4044 303 4115; x_wconf 83' lang='lat' dir='ltr'>ejus</span> <span class='ocrx_word' id='word_1_525' title='bbox 316 4045 361 4114; x_wconf 91' lang='lat' dir='ltr'>qui</span> <span class='ocrx_word' id='word_1_526' title='bbox 378 4056 439 4097; x_wconf 87' lang='lat' dir='ltr'>eum</span> <span class='ocrx_word' id='word_1_527' title='bbox 453 4041 592 4096; x_wconf 89' lang='lat' dir='ltr'>constituit</span> <span class='ocrx_word' id='word_1_528' title='bbox 612 4037 739 4093; x_wconf 84' lang='lat' dir='ltr'>stlsletam</span> <span class='ocrx_word' id='word_1_529' title='bbox 753 4037 875 4093; x_wconf 89' lang='lat' dir='ltr'>dominus</span> <span class='ocrx_word' id='word_1_530' title='bbox 889 4036 947 4106; x_wconf 80' lang='lat' dir='ltr'>ejtrs</span> <span class='ocrx_word' id='word_1_531' title='bbox 999 4031 1122 4101; x_wconf 85' lang='lat' dir='ltr'>ptembrii</span> <span class='ocrx_word' id='word_1_532' title='bbox 1134 4034 1242 4100; x_wconf 87' lang='lat' dir='ltr'>mensis,</span> <span class='ocrx_word' id='word_1_533' title='bbox 1255 4034 1282 4089; x_wconf 91' lang='lat' dir='ltr'>io</span> <span class='ocrx_word' id='word_1_534' title='bbox 1297 4043 1401 4103; x_wconf 88' lang='lat' dir='ltr'>portum</span> <span class='ocrx_word' id='word_1_535' title='bbox 1418 4036 1495 4107; x_wconf 78' lang='lat' dir='ltr'>iuxta</span> <span class='ocrx_word' id='word_1_536' title='bbox 1511 4039 1681 4109; x_wconf 78' lang='lat' dir='ltr'>Euphemiam</span> <span class='ocrx_word' id='word_1_537' title='bbox 1702 4058 1785 4115; x_wconf 70' lang='lat' dir='ltr'>prope</span> 
     </span>
     <span class='ocr_line' id='line_1_41' title="bbox 160 4121 1785 4204; baseline 0.004 -16"><span class='ocrx_word' id='word_1_538' title='bbox 160 4135 194 4190; x_wconf 89' lang='lat' dir='ltr'>ad</span> <span class='ocrx_word' id='word_1_539' title='bbox 208 4131 422 4189; x_wconf 86' lang='lat' dir='ltr'>intormationem</span> <span class='ocrx_word' id='word_1_540' title='bbox 438 4143 487 4201; x_wconf 94' lang='lat' dir='ltr'>pro</span> <span class='ocrx_word' id='word_1_541' title='bbox 500 4127 611 4184; x_wconf 85' lang='lat' dir='ltr'>veritate</span> <span class='ocrx_word' id='word_1_542' title='bbox 624 4125 761 4181; x_wconf 87' lang='lat' dir='ltr'>dimicare.</span> <span class='ocrx_word' id='word_1_543' title='bbox 774 4126 812 4180; x_wconf 84' lang='lat' dir='ltr'>iis</span> <span class='ocrx_word' id='word_1_544' title='bbox 822 4124 946 4194; x_wconf 87' lang='lat' dir='ltr'>equidem</span> <span class='ocrx_word' id='word_1_545' title='bbox 999 4121 1176 4190; x_wconf 65' lang='lat' dir='ltr'>trutinum,</span> <span class='ocrx_word' id='word_1_546' title='bbox 1191 4123 1354 4203; x_wconf 83' lang='lat' dir='ltr'>reliquerunt</span> <span class='ocrx_word' id='word_1_547' title='bbox 1367 4140 1427 4183; x_wconf 90' lang='lat' dir='ltr'>eum</span> <span class='ocrx_word' id='word_1_548' title='bbox 1444 4142 1460 4182; x_wconf 96' lang='lat' dir='ltr'>a</span> <span class='ocrx_word' id='word_1_549' title='bbox 1485 4144 1563 4187; x_wconf 88' lang='lat' dir='ltr'>mane</span> <span class='ocrx_word' id='word_1_550' title='bbox 1576 4133 1688 4189; x_wconf 85' lang='lat' dir='ltr'>ministri</span> <span class='ocrx_word' id='word_1_551' title='bbox 1701 4150 1785 4204; x_wconf 88' lang='lat' dir='ltr'>usque</span> 
     </span>
     <span class='ocr_line' id='line_1_42' title="bbox 160 4210 1782 4296; baseline 0 -18"><span class='ocrx_word' id='word_1_552' title='bbox 160 4239 222 4296; x_wconf 70' lang='lat' dir='ltr'>qua</span> <span class='ocrx_word' id='word_1_553' title='bbox 235 4223 300 4279; x_wconf 85' lang='lat' dir='ltr'>inibi</span> <span class='ocrx_word' id='word_1_554' title='bbox 321 4222 414 4277; x_wconf 69' lang='lat' dir='ltr'>Roma</span> <span class='ocrx_word' id='word_1_555' title='bbox 427 4229 501 4291; x_wconf 87' lang='lat' dir='ltr'>gesta</span> <span class='ocrx_word' id='word_1_556' title='bbox 522 4228 585 4276; x_wconf 90' lang='lat' dir='ltr'>suot</span> <span class='ocrx_word' id='word_1_557' title='bbox 598 4218 624 4274; x_wconf 92' lang='lat' dir='ltr'>io</span> <span class='ocrx_word' id='word_1_558' title='bbox 639 4217 745 4274; x_wconf 84' lang='lat' dir='ltr'>beatum</span> <span class='ocrx_word' id='word_1_559' title='bbox 763 4215 948 4272; x_wconf 82' lang='lat' dir='ltr'>etadamsnti-</span> <span class='ocrx_word' id='word_1_560' title='bbox 997 4210 1023 4267; x_wconf 87' lang='lat' dir='ltr'>in</span> <span class='ocrx_word' id='word_1_561' title='bbox 1050 4210 1142 4267; x_wconf 83' lang='lat' dir='ltr'>boram</span> <span class='ocrx_word' id='word_1_562' title='bbox 1165 4212 1485 4272; x_wconf 73' lang='lat' dir='ltr'>desimanneeubsntem</span> <span class='ocrx_word' id='word_1_563' title='bbox 1510 4219 1537 4273; x_wconf 91' lang='lat' dir='ltr'>in</span> <span class='ocrx_word' id='word_1_564' title='bbox 1560 4222 1671 4289; x_wconf 76' lang='lat' dir='ltr'>grabato</span> <span class='ocrx_word' id='word_1_565' title='bbox 1695 4228 1782 4289; x_wconf 83' lang='lat' dir='ltr'>neris,</span> 
     </span>
     <span class='ocr_line' id='line_1_43' title="bbox 162 4300 1784 4383; baseline 0.001 -13"><span class='ocrx_word' id='word_1_566' title='bbox 162 4300 225 4370; x_wconf 88' lang='lat' dir='ltr'>num</span> <span class='ocrx_word' id='word_1_567' title='bbox 239 4312 404 4383; x_wconf 90' lang='lat' dir='ltr'>spiritualem</span> <span class='ocrx_word' id='word_1_568' title='bbox 421 4309 540 4377; x_wconf 83' lang='lat' dir='ltr'>Patrem,</span> <span class='ocrx_word' id='word_1_569' title='bbox 555 4307 775 4377; x_wconf 89' lang='lat' dir='ltr'>sacerdotumque</span> <span class='ocrx_word' id='word_1_570' title='bbox 799 4307 946 4378; x_wconf 85' lang='lat' dir='ltr'>principem</span> <span class='ocrx_word' id='word_1_571' title='bbox 997 4313 1118 4373; x_wconf 77' lang='lat' dir='ltr'>emique,</span> <span class='ocrx_word' id='word_1_572' title='bbox 1138 4303 1207 4359; x_wconf 88' lang='lat' dir='ltr'>sicut</span> <span class='ocrx_word' id='word_1_573' title='bbox 1231 4309 1359 4376; x_wconf 88' lang='lat' dir='ltr'>scriptum</span> <span class='ocrx_word' id='word_1_574' title='bbox 1378 4316 1429 4371; x_wconf 87' lang='lat' dir='ltr'>est,</span> <span class='ocrx_word' id='word_1_575' title='bbox 1455 4312 1632 4378; x_wconf 86' lang='lat' dir='ltr'>spectaculum</span> <span class='ocrx_word' id='word_1_576' title='bbox 1659 4315 1784 4371; x_wconf 88' lang='lat' dir='ltr'>omnibus</span> 
     </span>
     <span class='ocr_line' id='line_1_44' title="bbox 161 4391 1782 4472; baseline 0.001 -16"><span class='ocrx_word' id='word_1_577' title='bbox 161 4402 290 4457; x_wconf 90' lang='lat' dir='ltr'>domnum</span> <span class='ocrx_word' id='word_1_578' title='bbox 306 4399 457 4462; x_wconf 82' lang='lat' dir='ltr'>liastioum,</span> <span class='ocrx_word' id='word_1_579' title='bbox 473 4409 500 4454; x_wconf 89' lang='lat' dir='ltr'>et</span> <span class='ocrx_word' id='word_1_580' title='bbox 519 4411 568 4452; x_wconf 84' lang='lat' dir='ltr'>sos</span> <span class='ocrx_word' id='word_1_581' title='bbox 581 4399 665 4463; x_wconf 82' lang='lat' dir='ltr'>scitis,</span> <span class='ocrx_word' id='word_1_582' title='bbox 680 4395 802 4466; x_wconf 87' lang='lat' dir='ltr'>qualibus</span> <span class='ocrx_word' id='word_1_583' title='bbox 822 4392 947 4464; x_wconf 90' lang='lat' dir='ltr'>perieulis</span> <span class='ocrx_word' id='word_1_584' title='bbox 996 4391 1096 4463; x_wconf 84' lang='lat' dir='ltr'>angelis</span> <span class='ocrx_word' id='word_1_585' title='bbox 1108 4400 1134 4470; x_wconf 81' lang='lat' dir='ltr'>et</span> <span class='ocrx_word' id='word_1_586' title='bbox 1144 4391 1302 4449; x_wconf 91' lang='lat' dir='ltr'>bominibus.</span> <span class='ocrx_word' id='word_1_587' title='bbox 1312 4393 1561 4453; x_wconf 75' lang='lat' dir='ltr'>Accedebantenim</span> <span class='ocrx_word' id='word_1_588' title='bbox 1572 4400 1637 4454; x_wconf 86' lang='lat' dir='ltr'>sarii</span> <span class='ocrx_word' id='word_1_589' title='bbox 1650 4400 1782 4472; x_wconf 86' lang='lat' dir='ltr'>bomines,</span> 
     </span>
     <span class='ocr_line' id='line_1_45' title="bbox 161 4482 1783 4558; baseline 0.002 -13"><span class='ocrx_word' id='word_1_590' title='bbox 161 4491 276 4546; x_wconf 88' lang='lat' dir='ltr'>luctatus</span> <span class='ocrx_word' id='word_1_591' title='bbox 288 4498 339 4555; x_wconf 90' lang='lat' dir='ltr'>est,</span> <span class='ocrx_word' id='word_1_592' title='bbox 353 4488 447 4543; x_wconf 87' lang='lat' dir='ltr'>ridens</span> <span class='ocrx_word' id='word_1_593' title='bbox 459 4486 561 4557; x_wconf 85' lang='lat' dir='ltr'>gladios</span> <span class='ocrx_word' id='word_1_594' title='bbox 572 4486 688 4541; x_wconf 85' lang='lat' dir='ltr'>ribrstos</span> <span class='ocrx_word' id='word_1_595' title='bbox 701 4493 729 4540; x_wconf 87' lang='lat' dir='ltr'>et</span> <span class='ocrx_word' id='word_1_596' title='bbox 742 4493 835 4540; x_wconf 88' lang='lat' dir='ltr'>acutos</span> <span class='ocrx_word' id='word_1_597' title='bbox 847 4482 946 4539; x_wconf 90' lang='lat' dir='ltr'>cooler·</span> <span class='ocrx_word' id='word_1_598' title='bbox 991 4497 1063 4554; x_wconf 89' lang='lat' dir='ltr'>quos</span> <span class='ocrx_word' id='word_1_599' title='bbox 1076 4491 1184 4555; x_wconf 87' lang='lat' dir='ltr'>propter</span> <span class='ocrx_word' id='word_1_600' title='bbox 1197 4482 1293 4541; x_wconf 86' lang='lat' dir='ltr'>lerales</span> <span class='ocrx_word' id='word_1_601' title='bbox 1313 4499 1402 4542; x_wconf 86' lang='lat' dir='ltr'>mores</span> <span class='ocrx_word' id='word_1_602' title='bbox 1415 4488 1520 4556; x_wconf 86' lang='lat' dir='ltr'>lupaces</span> <span class='ocrx_word' id='word_1_603' title='bbox 1534 4490 1656 4558; x_wconf 78' lang='lat' dir='ltr'>dixerim,</span> <span class='ocrx_word' id='word_1_604' title='bbox 1670 4502 1697 4546; x_wconf 92' lang='lat' dir='ltr'>et</span> <span class='ocrx_word' id='word_1_605' title='bbox 1717 4496 1783 4550; x_wconf 89' lang='lat' dir='ltr'>sub-</span> 
     </span>
     <span class='ocr_line' id='line_1_46' title="bbox 160 4573 1784 4654; baseline 0.002 -19"><span class='ocrx_word' id='word_1_606' title='bbox 160 4590 202 4637; x_wconf 89' lang='lat' dir='ltr'>tos</span> <span class='ocrx_word' id='word_1_607' title='bbox 216 4577 250 4634; x_wconf 88' lang='lat' dir='ltr'>ad</span> <span class='ocrx_word' id='word_1_608' title='bbox 264 4578 389 4643; x_wconf 73' lang='lat' dir='ltr'>invicem,</span> <span class='ocrx_word' id='word_1_609' title='bbox 410 4584 525 4631; x_wconf 71' lang='lat' dir='ltr'>untosa</span> <span class='ocrx_word' id='word_1_610' title='bbox 541 4575 660 4644; x_wconf 89' lang='lat' dir='ltr'>pluribus</span> <span class='ocrx_word' id='word_1_611' title='bbox 674 4574 801 4629; x_wconf 84' lang='lat' dir='ltr'>militibus</span> <span class='ocrx_word' id='word_1_612' title='bbox 825 4584 945 4643; x_wconf 90' lang='lat' dir='ltr'>paratum</span> <span class='ocrx_word' id='word_1_613' title='bbox 996 4576 1092 4643; x_wconf 88' lang='lat' dir='ltr'>rogati,</span> <span class='ocrx_word' id='word_1_614' title='bbox 1109 4583 1138 4629; x_wconf 94' lang='lat' dir='ltr'>ut</span> <span class='ocrx_word' id='word_1_615' title='bbox 1150 4573 1273 4644; x_wconf 78' lang='lat' dir='ltr'>conjicio,</span> <span class='ocrx_word' id='word_1_616' title='bbox 1290 4576 1351 4632; x_wconf 87' lang='lat' dir='ltr'>talia</span> <span class='ocrx_word' id='word_1_617' title='bbox 1365 4586 1456 4633; x_wconf 75' lang='lat' dir='ltr'>conus</span> <span class='ocrx_word' id='word_1_618' title='bbox 1470 4589 1590 4635; x_wconf 86' lang='lat' dir='ltr'>sanctum</span> <span class='ocrx_word' id='word_1_619' title='bbox 1609 4596 1702 4651; x_wconf 90' lang='lat' dir='ltr'>papam</span> <span class='ocrx_word' id='word_1_620' title='bbox 1722 4598 1784 4654; x_wconf 82' lang='lat' dir='ltr'>age·</span> 
     </span>
     <span class='ocr_line' id='line_1_47' title="bbox 161 4662 1782 4741; baseline 0.006 -19"><span class='ocrx_word' id='word_1_621' title='bbox 161 4665 320 4722; x_wconf 82' lang='lat' dir='ltr'>habentibus</span> <span class='ocrx_word' id='word_1_622' title='bbox 334 4665 443 4719; x_wconf 86' lang='lat' dir='ltr'>inlicere</span> <span class='ocrx_word' id='word_1_623' title='bbox 466 4677 554 4732; x_wconf 81' lang='lat' dir='ltr'>enses,</span> <span class='ocrx_word' id='word_1_624' title='bbox 569 4672 596 4718; x_wconf 91' lang='lat' dir='ltr'>et</span> <span class='ocrx_word' id='word_1_625' title='bbox 607 4672 772 4719; x_wconf 73' lang='lat' dir='ltr'>commutare</span> <span class='ocrx_word' id='word_1_626' title='bbox 786 4678 801 4717; x_wconf 94' lang='lat' dir='ltr'>a</span> <span class='ocrx_word' id='word_1_627' title='bbox 816 4663 869 4718; x_wconf 86' lang='lat' dir='ltr'>sita</span> <span class='ocrx_word' id='word_1_628' title='bbox 883 4662 947 4718; x_wconf 85' lang='lat' dir='ltr'>bea·</span> <span class='ocrx_word' id='word_1_629' title='bbox 996 4663 1071 4729; x_wconf 87' lang='lat' dir='ltr'>bant,</span> <span class='ocrx_word' id='word_1_630' title='bbox 1084 4665 1171 4736; x_wconf 86' lang='lat' dir='ltr'>qualia</span> <span class='ocrx_word' id='word_1_631' title='bbox 1185 4664 1343 4722; x_wconf 74' lang='lat' dir='ltr'>christianis</span> <span class='ocrx_word' id='word_1_632' title='bbox 1356 4667 1409 4722; x_wconf 90' lang='lat' dir='ltr'>dici</span> <span class='ocrx_word' id='word_1_633' title='bbox 1421 4685 1475 4723; x_wconf 91' lang='lat' dir='ltr'>non</span> <span class='ocrx_word' id='word_1_634' title='bbox 1489 4678 1605 4741; x_wconf 86' lang='lat' dir='ltr'>oportet.</span> <span class='ocrx_word' id='word_1_635' title='bbox 1621 4673 1782 4732; x_wconf 83' lang='lat' dir='ltr'>blornntibus</span> 
     </span>
     <span class='ocr_line' id='line_1_48' title="bbox 161 4751 1782 4832; baseline 0.007 -21"><span class='ocrx_word' id='word_1_636' title='bbox 161 4765 229 4823; x_wconf 88' lang='lat' dir='ltr'>turo,</span> <span class='ocrx_word' id='word_1_637' title='bbox 241 4756 268 4810; x_wconf 93' lang='lat' dir='ltr'>lo</span> <span class='ocrx_word' id='word_1_638' title='bbox 281 4754 393 4809; x_wconf 88' lang='lat' dir='ltr'>circuitu</span> <span class='ocrx_word' id='word_1_639' title='bbox 408 4753 499 4808; x_wconf 88' lang='lat' dir='ltr'>altaris</span> <span class='ocrx_word' id='word_1_640' title='bbox 518 4752 675 4819; x_wconf 89' lang='lat' dir='ltr'>astantibus,</span> <span class='ocrx_word' id='word_1_641' title='bbox 690 4761 718 4807; x_wconf 90' lang='lat' dir='ltr'>et</span> <span class='ocrx_word' id='word_1_642' title='bbox 732 4752 758 4807; x_wconf 94' lang='lat' dir='ltr'>in</span> <span class='ocrx_word' id='word_1_643' title='bbox 775 4760 831 4808; x_wconf 93' lang='lat' dir='ltr'>toto</span> <span class='ocrx_word' id='word_1_644' title='bbox 845 4751 945 4820; x_wconf 88' lang='lat' dir='ltr'>templo</span> <span class='ocrx_word' id='word_1_645' title='bbox 997 4755 1074 4809; x_wconf 88' lang='lat' dir='ltr'>nobis</span> <span class='ocrx_word' id='word_1_646' title='bbox 1086 4755 1112 4809; x_wconf 90' lang='lat' dir='ltr'>in</span> <span class='ocrx_word' id='word_1_647' title='bbox 1128 4755 1226 4823; x_wconf 90' lang='lat' dir='ltr'>littore,</span> <span class='ocrx_word' id='word_1_648' title='bbox 1240 4765 1294 4811; x_wconf 91' lang='lat' dir='ltr'>tota</span> <span class='ocrx_word' id='word_1_649' title='bbox 1307 4756 1350 4813; x_wconf 88' lang='lat' dir='ltr'>die</span> <span class='ocrx_word' id='word_1_650' title='bbox 1361 4773 1435 4813; x_wconf 84' lang='lat' dir='ltr'>eram</span> <span class='ocrx_word' id='word_1_651' title='bbox 1448 4760 1574 4818; x_wconf 86' lang='lat' dir='ltr'>incedens</span> <span class='ocrx_word' id='word_1_652' title='bbox 1588 4763 1680 4820; x_wconf 89' lang='lat' dir='ltr'>dolore</span> <span class='ocrx_word' id='word_1_653' title='bbox 1690 4766 1782 4832; x_wconf 72' lang='lat' dir='ltr'>merrus</span> 
     </span>
     <span class='ocr_line' id='line_1_49' title="bbox 159 4841 1783 4917; baseline 0.004 -14"><span class='ocrx_word' id='word_1_654' title='bbox 159 4846 298 4903; x_wconf 74' lang='lat' dir='ltr'>catholice</span> <span class='ocrx_word' id='word_1_655' title='bbox 319 4841 443 4901; x_wconf 75' lang='lat' dir='ltr'>Ecclesiae</span> <span class='ocrx_word' id='word_1_656' title='bbox 464 4842 566 4909; x_wconf 77' lang='lat' dir='ltr'>Romo,</span> <span class='ocrx_word' id='word_1_657' title='bbox 582 4857 642 4911; x_wconf 82' lang='lat' dir='ltr'>quse</span> <span class='ocrx_word' id='word_1_658' title='bbox 662 4843 864 4912; x_wconf 89' lang='lat' dir='ltr'>cognominatur</span> <span class='ocrx_word' id='word_1_659' title='bbox 875 4841 946 4896; x_wconf 80' lang='lat' dir='ltr'>Coo·</span> <span class='ocrx_word' id='word_1_660' title='bbox 995 4853 1023 4900; x_wconf 90' lang='lat' dir='ltr'>et</span> <span class='ocrx_word' id='word_1_661' title='bbox 1036 4845 1220 4913; x_wconf 77' lang='lat' dir='ltr'>amaritudine,</span> <span class='ocrx_word' id='word_1_662' title='bbox 1241 4847 1358 4917; x_wconf 87' lang='lat' dir='ltr'>eoquod</span> <span class='ocrx_word' id='word_1_663' title='bbox 1379 4848 1494 4904; x_wconf 76' lang='lat' dir='ltr'>uiderem</span> <span class='ocrx_word' id='word_1_664' title='bbox 1514 4852 1593 4908; x_wconf 88' lang='lat' dir='ltr'>talem</span> <span class='ocrx_word' id='word_1_665' title='bbox 1608 4862 1727 4910; x_wconf 88' lang='lat' dir='ltr'>sanctum</span> <span class='ocrx_word' id='word_1_666' title='bbox 1743 4860 1783 4909; x_wconf 88' lang='lat' dir='ltr'>ri-</span> 
     </span>
     <span class='ocr_line' id='line_1_50' title="bbox 157 4923 1781 5008; baseline 0.004 -14"><span class='ocrx_word' id='word_1_667' title='bbox 157 4923 371 5001; x_wconf 65' lang='lat' dir='ltr'>subrisionem</span> <span class='ocrx_word' id='word_1_668' title='bbox 390 4947 443 5002; x_wconf 88' lang='lat' dir='ltr'>qua</span> <span class='ocrx_word' id='word_1_669' title='bbox 458 4931 608 4988; x_wconf 89' lang='lat' dir='ltr'>sacerdotio</span> <span class='ocrx_word' id='word_1_670' title='bbox 622 4930 735 5000; x_wconf 88' lang='lat' dir='ltr'>iungens</span> <span class='ocrx_word' id='word_1_671' title='bbox 753 4930 897 4986; x_wconf 88' lang='lat' dir='ltr'>recubabat</span> <span class='ocrx_word' id='word_1_672' title='bbox 917 4931 943 4985; x_wconf 90' lang='lat' dir='ltr'>io</span> <span class='ocrx_word' id='word_1_673' title='bbox 995 4949 1055 4990; x_wconf 75' lang='lat' dir='ltr'>run</span> <span class='ocrx_word' id='word_1_674' title='bbox 1079 4934 1114 4990; x_wconf 90' lang='lat' dir='ltr'>ita</span> <span class='ocrx_word' id='word_1_675' title='bbox 1133 4934 1280 5006; x_wconf 67' lang='lat' dir='ltr'>dejectum</span> <span class='ocrx_word' id='word_1_676' title='bbox 1297 4951 1348 4992; x_wconf 91' lang='lat' dir='ltr'>oon</span> <span class='ocrx_word' id='word_1_677' title='bbox 1361 4938 1447 4993; x_wconf 86' lang='lat' dir='ltr'>solum</span> <span class='ocrx_word' id='word_1_678' title='bbox 1470 4949 1570 5008; x_wconf 70' lang='lat' dir='ltr'>auum,</span> <span class='ocrx_word' id='word_1_679' title='bbox 1596 4944 1643 4998; x_wconf 90' lang='lat' dir='ltr'>sed</span> <span class='ocrx_word' id='word_1_680' title='bbox 1669 4954 1696 4999; x_wconf 91' lang='lat' dir='ltr'>et</span> <span class='ocrx_word' id='word_1_681' title='bbox 1720 4948 1781 5001; x_wconf 85' lang='lat' dir='ltr'>talia</span> 
     </span>
     <span class='ocr_line' id='line_1_51' title="bbox 157 5000 1781 5105; baseline 0.006 -22"><span class='ocrx_word' id='word_1_682' title='bbox 157 5027 261 5084; x_wconf 86' lang='lat' dir='ltr'>loribus</span> <span class='ocrx_word' id='word_1_683' title='bbox 276 5026 423 5098; x_wconf 89' lang='lat' dir='ltr'>etgrabato</span> <span class='ocrx_word' id='word_1_684' title='bbox 441 5026 498 5096; x_wconf 87' lang='lat' dir='ltr'>ipse</span> <span class='ocrx_word' id='word_1_685' title='bbox 523 5024 617 5079; x_wconf 92' lang='lat' dir='ltr'>beatus</span> <span class='ocrx_word' id='word_1_686' title='bbox 630 5039 720 5093; x_wconf 80' lang='lat' dir='ltr'>aeger;</span> <span class='ocrx_word' id='word_1_687' title='bbox 745 5034 772 5079; x_wconf 91' lang='lat' dir='ltr'>et</span> <span class='ocrx_word' id='word_1_688' title='bbox 798 5024 941 5094; x_wconf 90' lang='lat' dir='ltr'>quomodo,</span> <span class='ocrx_word' id='word_1_689' title='bbox 957 5000 1133 5094; x_wconf 65' lang='lat' dir='ltr'>¹&#39;eloqulaa</span> <span class='ocrx_word' id='word_1_690' title='bbox 1156 5026 1312 5096; x_wconf 86' lang='lat' dir='ltr'>quibusdam</span> <span class='ocrx_word' id='word_1_691' title='bbox 1334 5028 1448 5085; x_wconf 82' lang='lat' dir='ltr'>ethnicis</span> <span class='ocrx_word' id='word_1_692' title='bbox 1470 5032 1573 5100; x_wconf 79' lang='lat' dir='ltr'>prolata</span> <span class='ocrx_word' id='word_1_693' title='bbox 1593 5042 1684 5089; x_wconf 88' lang='lat' dir='ltr'>contra</span> <span class='ocrx_word' id='word_1_694' title='bbox 1708 5050 1781 5105; x_wconf 89' lang='lat' dir='ltr'>eum,</span> 
     </span>
     <span class='ocr_line' id='line_1_52' title="bbox 157 5113 1781 5186; baseline 0.006 -14"><span class='ocrx_word' id='word_1_695' title='bbox 157 5118 288 5174; x_wconf 86' lang='lat' dir='ltr'>contritas</span> <span class='ocrx_word' id='word_1_696' title='bbox 301 5117 409 5181; x_wconf 89' lang='lat' dir='ltr'>animis,</span> <span class='ocrx_word' id='word_1_697' title='bbox 421 5124 448 5171; x_wconf 86' lang='lat' dir='ltr'>et</span> <span class='ocrx_word' id='word_1_698' title='bbox 466 5113 576 5169; x_wconf 87' lang='lat' dir='ltr'>artubus</span> <span class='ocrx_word' id='word_1_699' title='bbox 587 5115 759 5178; x_wconf 90' lang='lat' dir='ltr'>constrictus,</span> <span class='ocrx_word' id='word_1_700' title='bbox 776 5113 905 5182; x_wconf 88' lang='lat' dir='ltr'>impulsus</span> <span class='ocrx_word' id='word_1_701' title='bbox 916 5123 943 5168; x_wconf 91' lang='lat' dir='ltr'>et</span> <span class='ocrx_word' id='word_1_702' title='bbox 995 5116 1062 5172; x_wconf 89' lang='lat' dir='ltr'>nibil</span> <span class='ocrx_word' id='word_1_703' title='bbox 1073 5115 1143 5170; x_wconf 79' lang='lat' dir='ltr'>eliud</span> <span class='ocrx_word' id='word_1_704' title='bbox 1155 5116 1316 5186; x_wconf 74' lang='lat' dir='ltr'>querebam,</span> <span class='ocrx_word' id='word_1_705' title='bbox 1332 5119 1383 5173; x_wconf 91' lang='lat' dir='ltr'>nisi</span> <span class='ocrx_word' id='word_1_706' title='bbox 1406 5128 1436 5175; x_wconf 93' lang='lat' dir='ltr'>ut</span> <span class='ocrx_word' id='word_1_707' title='bbox 1454 5120 1602 5178; x_wconf 88' lang='lat' dir='ltr'>uoierretur</span> <span class='ocrx_word' id='word_1_708' title='bbox 1616 5127 1703 5179; x_wconf 89' lang='lat' dir='ltr'>anima</span> <span class='ocrx_word' id='word_1_709' title='bbox 1723 5144 1781 5182; x_wconf 85' lang='lat' dir='ltr'>mea</span> 
     </span>
     <span class='ocr_line' id='line_1_53' title="bbox 157 5202 1781 5279; baseline 0.004 -15"><span class='ocrx_word' id='word_1_710' title='bbox 157 5209 296 5279; x_wconf 81' lang='lat' dir='ltr'>expulsus,</span> <span class='ocrx_word' id='word_1_711' title='bbox 318 5216 408 5278; x_wconf 91' lang='lat' dir='ltr'>raptus</span> <span class='ocrx_word' id='word_1_712' title='bbox 429 5215 456 5261; x_wconf 92' lang='lat' dir='ltr'>et</span> <span class='ocrx_word' id='word_1_713' title='bbox 476 5213 614 5261; x_wconf 80' lang='lat' dir='ltr'>extructus</span> <span class='ocrx_word' id='word_1_714' title='bbox 628 5218 661 5259; x_wconf 87' lang='lat' dir='ltr'>cr</span> <span class='ocrx_word' id='word_1_715' title='bbox 674 5203 823 5273; x_wconf 87' lang='lat' dir='ltr'>spostolico</span> <span class='ocrx_word' id='word_1_716' title='bbox 836 5203 940 5269; x_wconf 82' lang='lat' dir='ltr'>throno,</span> <span class='ocrx_word' id='word_1_717' title='bbox 994 5218 1073 5258; x_wconf 86' lang='lat' dir='ltr'>ante.</span> <span class='ocrx_word' id='word_1_718' title='bbox 1088 5202 1188 5260; x_wconf 73' lang='lat' dir='ltr'>bobine</span> <span class='ocrx_word' id='word_1_719' title='bbox 1199 5205 1269 5260; x_wconf 87' lang='lat' dir='ltr'>circa</span> <span class='ocrx_word' id='word_1_720' title='bbox 1279 5205 1343 5260; x_wconf 90' lang='lat' dir='ltr'>solis</span> <span class='ocrx_word' id='word_1_721' title='bbox 1353 5221 1476 5263; x_wconf 88' lang='lat' dir='ltr'>occasum</span> <span class='ocrx_word' id='word_1_722' title='bbox 1486 5211 1559 5264; x_wconf 83' lang='lat' dir='ltr'>venit</span> <span class='ocrx_word' id='word_1_723' title='bbox 1573 5210 1679 5278; x_wconf 90' lang='lat' dir='ltr'>quidam</span> <span class='ocrx_word' id='word_1_724' title='bbox 1693 5217 1781 5270; x_wconf 74' lang='lat' dir='ltr'>scritto</span> 
     </span>
     <span class='ocr_line' id='line_1_54' title="bbox 158 5292 1781 5371; baseline 0.002 -17"><span class='ocrx_word' id='word_1_725' title='bbox 158 5300 185 5355; x_wconf 89' lang='lat' dir='ltr'>in</span> <span class='ocrx_word' id='word_1_726' title='bbox 197 5314 249 5371; x_wconf 93' lang='lat' dir='ltr'>quo</span> <span class='ocrx_word' id='word_1_727' title='bbox 264 5300 333 5356; x_wconf 79' lang='lat' dir='ltr'>Deus</span> <span class='ocrx_word' id='word_1_728' title='bbox 355 5316 415 5357; x_wconf 90' lang='lat' dir='ltr'>eum</span> <span class='ocrx_word' id='word_1_729' title='bbox 437 5298 575 5356; x_wconf 90' lang='lat' dir='ltr'>coustituit</span> <span class='ocrx_word' id='word_1_730' title='bbox 597 5300 673 5365; x_wconf 87' lang='lat' dir='ltr'>loco,</span> <span class='ocrx_word' id='word_1_731' title='bbox 698 5298 874 5367; x_wconf 88' lang='lat' dir='ltr'>inspectorem</span> <span class='ocrx_word' id='word_1_732' title='bbox 902 5299 944 5352; x_wconf 87' lang='lat' dir='ltr'>sui</span> <span class='ocrx_word' id='word_1_733' title='bbox 996 5293 1103 5347; x_wconf 88' lang='lat' dir='ltr'>nomine</span> <span class='ocrx_word' id='word_1_734' title='bbox 1115 5292 1242 5363; x_wconf 81' lang='lat' dir='ltr'>sagoleva</span> <span class='ocrx_word' id='word_1_735' title='bbox 1258 5307 1318 5349; x_wconf 83' lang='lat' dir='ltr'>curn</span> <span class='ocrx_word' id='word_1_736' title='bbox 1330 5296 1419 5352; x_wconf 88' lang='lat' dir='ltr'>utultis</span> <span class='ocrx_word' id='word_1_737' title='bbox 1432 5298 1646 5365; x_wconf 79' lang='lat' dir='ltr'>excubitoribus;</span> <span class='ocrx_word' id='word_1_738' title='bbox 1661 5310 1688 5356; x_wconf 88' lang='lat' dir='ltr'>et</span> <span class='ocrx_word' id='word_1_739' title='bbox 1702 5305 1781 5359; x_wconf 84' lang='lat' dir='ltr'>aule·</span> 
     </span>
    </p>
   </div>
   <div class='ocr_carea' id='block_1_6' title="bbox 158 5464 1780 5749">
    <p class='ocr_par' dir='ltr' id='par_1_6' title="bbox 160 5464 1779 5541">
     <span class='ocr_line' id='line_1_55' title="bbox 160 5464 1779 5541; baseline -0.001 -15"><span class='ocrx_word' id='word_1_740' title='bbox 160 5469 264 5526; x_wconf 68' lang='lat' dir='ltr'>lortini</span> <span class='ocrx_word' id='word_1_741' title='bbox 279 5469 389 5527; x_wconf 77' lang='lat' dir='ltr'>Romam</span> <span class='ocrx_word' id='word_1_742' title='bbox 403 5471 514 5540; x_wconf 79' lang='lat' dir='ltr'>perferri</span> <span class='ocrx_word' id='word_1_743' title='bbox 529 5469 654 5541; x_wconf 89' lang='lat' dir='ltr'>potuerit.</span> <span class='ocrx_word' id='word_1_744' title='bbox 673 5469 750 5525; x_wconf 84' lang='lat' dir='ltr'>Unde</span> <span class='ocrx_word' id='word_1_745' title='bbox 760 5467 832 5538; x_wconf 90' lang='lat' dir='ltr'>quod</span> <span class='ocrx_word' id='word_1_746' title='bbox 848 5467 873 5523; x_wconf 91' lang='lat' dir='ltr'>in</span> <span class='ocrx_word' id='word_1_747' title='bbox 885 5466 944 5523; x_wconf 87' lang='lat' dir='ltr'>aliis</span> <span class='ocrx_word' id='word_1_748' title='bbox 996 5464 1108 5521; x_wconf 88' lang='lat' dir='ltr'>stsotior</span> <span class='ocrx_word' id='word_1_749' title='bbox 1118 5464 1252 5528; x_wconf 59' lang='lat' dir='ltr'>Romanu</span> <span class='ocrx_word' id='word_1_750' title='bbox 1266 5464 1326 5520; x_wconf 87' lang='lat' dir='ltr'>ideo</span> <span class='ocrx_word' id='word_1_751' title='bbox 1338 5464 1387 5519; x_wconf 89' lang='lat' dir='ltr'>bac</span> <span class='ocrx_word' id='word_1_752' title='bbox 1402 5475 1502 5519; x_wconf 86' lang='lat' dir='ltr'>retenta</span> <span class='ocrx_word' id='word_1_753' title='bbox 1512 5467 1669 5524; x_wconf 83' lang='lat' dir='ltr'>uariantese</span> <span class='ocrx_word' id='word_1_754' title='bbox 1684 5470 1779 5524; x_wconf 77' lang='lat' dir='ltr'>Roma·</span> 
     </span>
    </p>

    <p class='ocr_par' dir='ltr' id='par_1_7' title="bbox 158 5534 1780 5678">
     <span class='ocr_line' id='line_1_56' title="bbox 158 5534 1780 5609; baseline -0.004 -13"><span class='ocrx_word' id='word_1_755' title='bbox 158 5539 301 5596; x_wconf 74' lang='lat' dir='ltr'>iiodicibos</span> <span class='ocrx_word' id='word_1_756' title='bbox 315 5541 402 5608; x_wconf 88' lang='lat' dir='ltr'>abest,</span> <span class='ocrx_word' id='word_1_757' title='bbox 417 5540 479 5597; x_wconf 89' lang='lat' dir='ltr'>buic</span> <span class='ocrx_word' id='word_1_758' title='bbox 488 5540 655 5609; x_wconf 88' lang='lat' dir='ltr'>subrepsisse</span> <span class='ocrx_word' id='word_1_759' title='bbox 666 5541 781 5593; x_wconf 80' lang='lat' dir='ltr'>vitietur.</span> <span class='ocrx_word' id='word_1_760' title='bbox 997 5551 1041 5597; x_wconf 88' lang='lat' dir='ltr'>on,</span> <span class='ocrx_word' id='word_1_761' title='bbox 1054 5543 1155 5589; x_wconf 89' lang='lat' dir='ltr'>tantum</span> <span class='ocrx_word' id='word_1_762' title='bbox 1170 5547 1234 5602; x_wconf 89' lang='lat' dir='ltr'>quas</span> <span class='ocrx_word' id='word_1_763' title='bbox 1272 5536 1363 5589; x_wconf 76' lang='lat' dir='ltr'>stiores</span> <span class='ocrx_word' id='word_1_764' title='bbox 1374 5534 1501 5603; x_wconf 76' lang='lat' dir='ltr'>judicari,</span> <span class='ocrx_word' id='word_1_765' title='bbox 1515 5539 1651 5608; x_wconf 77' lang='lat' dir='ltr'>exscripsi.</span> <span class='ocrx_word' id='word_1_766' title='bbox 1683 5541 1780 5596; x_wconf 71' lang='lat' dir='ltr'>lisere.</span> 
     </span>
     <span class='ocr_line' id='line_1_57' title="bbox 196 5602 1325 5678; baseline -0.003 -16"><span class='ocrx_word' id='word_1_767' title='bbox 196 5617 211 5644; x_wconf 82' lang='lat'><strong>¹</strong></span> <span class='ocrx_word' id='word_1_768' title='bbox 224 5608 343 5664; x_wconf 76' lang='lat' dir='ltr'>Narratio</span> <span class='ocrx_word' id='word_1_769' title='bbox 358 5613 406 5665; x_wconf 86' lang='lat' dir='ltr'>ists</span> <span class='ocrx_word' id='word_1_770' title='bbox 430 5613 457 5664; x_wconf 91' lang='lat' dir='ltr'>in</span> <span class='ocrx_word' id='word_1_771' title='bbox 472 5611 561 5664; x_wconf 88' lang='lat' dir='ltr'>multis</span> <span class='ocrx_word' id='word_1_772' title='bbox 576 5611 659 5664; x_wconf 85' lang='lat' dir='ltr'>sarias</span> <span class='ocrx_word' id='word_1_773' title='bbox 684 5609 717 5668; x_wconf 84' lang='lat' dir='ltr'>ab</span> <span class='ocrx_word' id='word_1_774' title='bbox 731 5623 762 5661; x_wconf 86' lang='lat' dir='ltr'>ea</span> <span class='ocrx_word' id='word_1_775' title='bbox 784 5623 862 5678; x_wconf 94' lang='lat' dir='ltr'>quam</span> <span class='ocrx_word' id='word_1_776' title='bbox 891 5609 943 5663; x_wconf 84' lang='lat' dir='ltr'>Ro·</span> <span class='ocrx_word' id='word_1_777' title='bbox 1031 5603 1044 5644; x_wconf 83' lang='lat'>¹¹</span> <span class='ocrx_word' id='word_1_778' title='bbox 1060 5602 1148 5669; x_wconf 83' lang='lat' dir='ltr'>Forte,</span> <span class='ocrx_word' id='word_1_779' title='bbox 1163 5619 1223 5656; x_wconf 88' lang='lat' dir='ltr'>non.</span> <span class='ocrx_word' id='word_1_780' title='bbox 1263 5619 1325 5659; x_wconf 85' lang='lat' dir='ltr'>sno.</span> 
     </span>
    </p>

    <p class='ocr_par' dir='ltr' id='par_1_8' title="bbox 160 5670 1508 5749">
     <span class='ocr_line' id='line_1_58' title="bbox 160 5670 1508 5749; baseline -0.005 -13"><span class='ocrx_word' id='word_1_781' title='bbox 160 5690 239 5736; x_wconf 67' lang='lat' dir='ltr'>nus</span> <span class='ocrx_word' id='word_1_782' title='bbox 253 5675 341 5734; x_wconf 73' lang='lat' dir='ltr'>cottio</span> <span class='ocrx_word' id='word_1_783' title='bbox 353 5678 471 5746; x_wconf 80' lang='lat' dir='ltr'>exbibet,</span> <span class='ocrx_word' id='word_1_784' title='bbox 485 5693 546 5735; x_wconf 88' lang='lat' dir='ltr'>cum</span> <span class='ocrx_word' id='word_1_785' title='bbox 558 5688 647 5739; x_wconf 70' lang='lat' dir='ltr'>umen</span> <span class='ocrx_word' id='word_1_786' title='bbox 661 5680 744 5734; x_wconf 89' lang='lat' dir='ltr'>multo</span> <span class='ocrx_word' id='word_1_787' title='bbox 759 5676 794 5733; x_wconf 87' lang='lat' dir='ltr'>sit</span> <span class='ocrx_word' id='word_1_788' title='bbox 808 5682 864 5735; x_wconf 75' lang='lat' dir='ltr'>itate</span> <span class='ocrx_word' id='word_1_789' title='bbox 876 5695 943 5749; x_wconf 79' lang='lat' dir='ltr'>prae-</span> <span class='ocrx_word' id='word_1_790' title='bbox 1034 5673 1137 5734; x_wconf 64' lang='grc' dir='ltr'>οΙιιιιῐι.</span> <span class='ocrx_word' id='word_1_791' title='bbox 1155 5673 1236 5740; x_wconf 80' lang='lat' dir='ltr'>ucis,</span> <span class='ocrx_word' id='word_1_792' title='bbox 1248 5689 1331 5729; x_wconf 78' lang='lat' dir='ltr'>nunes</span> <span class='ocrx_word' id='word_1_793' title='bbox 1344 5670 1508 5729; x_wconf 82' lang='lat' dir='ltr'>Nouembris.</span> 
     </span>
    </p>
   </div>
   <div class='ocr_carea' id='block_1_7' title="bbox 0 0 1898 6119">
    <p class='ocr_par' dir='ltr' id='par_1_9' title="bbox 0 0 1898 6119">
     <span class='ocr_line' id='line_1_59' title="bbox 0 0 1898 6119; baseline 0 0"><span class='ocrx_word' id='word_1_794' title='bbox 0 0 1898 6119; x_wconf 95' lang='lat' dir='ltr'> </span> 
     </span>
    </p>
   </div>
  </div>
 </body>
</html>
