3788 6126
157 313 223 373 tait
648 309 680 367 S.
699 307 831 366 shshm
851 306 1104 369 TRAJECTENSIS
1125 307 1279 367 celsoue!
1716 313 1784 369 tm

154 446 244 495 scena,
258 427 375 486 iritctim
390 427 474 483 eisdd
489 438 617 482 cacumen
636 424 747 490 montis,
763 423 881 481 obicum
893 437 941 478 oc·
956 427 980 486 h
995 427 1140 485 serenitate
1162 438 1190 484 ct
1215 428 1273 481 visu
1305 437 1414 493 recepto
1439 427 1472 482 ad
1523 427 1612 496 ropria
1637 427 1782 490 redierunt.

154 503 244 558 cidere
258 498 410 569 cupiebant,
430 512 480 555 nec
500 498 556 553 suis
569 497 650 552 sociis
669 496 720 551 hoc
732 494 871 557 revelarit,
881 494 943 564 qnia
962 494 968 505 “
995 497 1077 552 blulta
1102 499 1209 570 quidem
1231 507 1257 553 et
1280 498 1331 552 alia
1350 498 1475 552 miracula
1500 442 1564 554 lecit
1590 498 1661 554 Deus
1688 500 1785 555 nteritis

154 569 309 639 martyrium
333 567 489 633 affectabam
515 567 562 623 scd
587 565 675 622 subito
696 574 755 620 orta
774 573 943 631 tempestate,
993 567 1079 624 sancti
1110 567 1224 624 hmandi
1256 582 1316 636 qua
1347 566 1391 622 hic
1419 569 1518 635 scripta
1549 584 1605 624 non
1632 576 1708 625 sunt.
1740 571 1785 625 iiic

156 640 252 709 pluviae
275 647 304 694 et
329 637 472 708 pyandtncs
487 637 523 691 ita
542 645 661 692 montem
684 633 943 703 chersonesum
993 652 1099 705 quoquae
1114 642 1207 707 plenus
1221 637 1323 694 dierunt
1341 647 1367 693 ct
1387 638 1512 708 operibus
1526 639 1605 696 honis
1619 637 1782 710 migraritad

154 708 261 778 maligui
283 708 329 776 qui
349 723 410 763 oum
436 706 560 762 retebant
583 706 706 761 occidere
728 703 796 758 niiril
811 703 942 758 riderent.
994 705 1144 764 homiuum,

154 775 231 834 Tunc
243 785 354 834 sanctus
374 776 511 835 Amandus
524 774 614 831 tandiu
628 775 726 841 oravit,
740 772 826 829 donec
840 772 943 828 reddita

496 1051 556 1173 s.
604 1040 961 1172 nunnus
1009 962 1415 1171 suanam.

667 1310 715 1374 [lla
725 1310 880 1374 Breqaigoy,
888 1304 1034 1371 Dlplemata,
1045 1307 1150 1373 cbarte,
1160 1308 1266 1375 Leues]

539 1484 563 1544 l.
959 1478 1078 1550 nipsius
1101 1481 1206 1539 abbatis
1219 1499 1266 1540 sua
1279 1482 1380 1541 ditione
1401 1484 1499 1544 ibidem
1518 1485 1688 1547 consistente
1708 1489 1781 1550 tradi·

149 1602 248 1664 enar.
284 1615 335 1674 ,n
364 1610 467 1659 aaa.
498 1599 631 1657 aaran..
657 1595 745 1652 err...
777 1591 939 1649 omns...
992 1574 1080 1630 enus
1105 1587 1186 1647 ene
1209 1576 1408 1645 transfudimus.
1433 1580 1469 1633 ειε
1487 1581 1780 1655 accesseramus

184 1672 294 1732 Androm
319 1673 404 1728 tiberi
426 1671 528 1740 donat,
554 1671 588 1725 ad
608 1669 789 1724 mateteriam
808 1666 941 1736 edificen-
991 1666 1331 1725 monasterinmrelrillam
1343 1683 1414 1737 saepe
1428 1671 1592 1727 nominatam
1606 1673 1777 1741 carisiacum,

172 1750 248 1807 „dam
264 1757 278 1786 ¹
296 1745 370 1816 (mo-
382 1734 456 1807 ost).
991 1768 1055 1812 cum
1083 1757 1236 1829 integritate
1261 1759 1304 1816 rel
1327 1757 1483 1831 adjacentiis
1495 1761 1563 1828 suis,
1579 1776 1628 1819 seu
1643 1773 1674 1820 et
1687 1765 1781 1823 locellis

186 1859 254 1915 corn
278 1855 449 1929 praesentium
473 1869 561 1913 rorum
585 1864 670 1911 statos
692 1853 772 1911 celeri
799 1866 879 1907 cursu
893 1864 941 1905 oo·
991 1851 1115 1920 superius
1135 1852 1302 1925 conscriptis,
1317 1868 1378 1910 oum
1402 1855 1475 1909 omni
1488 1855 1623 1913 soliditate
1638 1874 1743 1928 eorum,
1756 1872 1781 1916 ot

151 1950 237 2007 scitur
250 1947 331 2005 dilabi
345 1946 377 2003 ad
392 1946 495 2003 ruinam
509 1956 641 2013 eternam,
664 1943 743 1999 modo
754 1939 853 1998 eternis
867 1953 941 1995 com-
990 1942 1113 2012 superios
1128 1941 1257 2013 diximus,
1279 1943 1305 2000 id
1332 1953 1384 2012 est,
1408 1946 1541 2014 domibus,
1561 1947 1688 2016 ediiiciis,
1703 1953 1781 2008 curti·

149 2039 266 2111 perimus
275 2038 382 2097 sedibus
394 2051 550 2108 parmanere
559 2051 610 2106 que
623 2034 650 2091 io
663 2033 787 2089 alimonia
801 2045 939 2089 serrorum
991 2035 1066 2101 ieris,
1090 2034 1200 2105 accolis,
1215 2039 1327 2107 campis,
1341 2037 1437 2106 vineis,
1453 2040 1546 2110 pratis,
1562 2044 1681 2111 pascuis,
1698 2047 1779 2115 aunis,

151 2130 197 2186 liei
212 2130 254 2188 rei
268 2128 467 2202 peregrinantum
495 2125 668 2191 conierimus,
691 2126 814 2181 hortante
832 2137 882 2179 nos
908 2135 940 2178 ac
990 2140 1118 2195 nonnarum
1133 2126 1302 2197 decursihus,
1330 2129 1371 2184 rei
1387 2130 1495 2201 reliquis
1506 2132 1722 2203 quibuscumque
1735 2137 1775 2192 ho-

29 2284 39 2295 „
150 2228 275 2278 monente
296 2219 428 2291 scriptura
459 2219 566 2285 divina,
592 2216 721 2273 dicente:
749 2214 839 2269 Facite
864 2212 939 2269 vohis
990 2220 1102 2286 noticiis,
1118 2219 1225 2286 babeat,
1243 2230 1341 2288 teneat,
1357 2223 1502 2294 possident,
1518 2225 1629 2296 suisque
1644 2241 1778 2283 snccesac·

147 2311 248 2368 amicus
259 2311 294 2368 ds
306 2324 456 2367 mmmona
469 2308 624 2379 iniquitatis,
638 2306 683 2377 oui
696 2321 743 2363 νοῦ
763 2306 893 2377 recipient
910 2304 938 2360 ln
989 2311 1072 2376 ribus,
1087 2311 1232 2368 auxiliante
1242 2311 1365 2382 Domino,
1379 2315 1406 2369 in
1420 2323 1579 2384 perpetuum
1591 2316 1777 2384 possidendum

148 2413 240 2461 merua
255 2402 445 2470 tabernacula;
460 2402 580 2458 etalihi:
604 2400 732 2456 iubemur
745 2398 863 2456 condere
878 2397 938 2457 the.-
990 2403 1173 2471 derelinquat.
1206 2401 1235 2458 Si
1265 2401 1324 2472 quis
1352 2417 1417 2458 acro
1449 2404 1490 2458 rel
1518 2403 1639 2473 quelibet
1664 2407 1777 2475 opposita

147 2509 242 2549 sauros
266 2492 293 2548 iu
308 2495 367 2549 celo
381 2493 427 2548 nbi
442 2493 483 2548 iur
499 2506 552 2548 uon
579 2493 728 2561 appropiat.
752 2490 867 2546 Proinde
887 2503 938 2560 epo
988 2507 1112 2563 persona,
1127 2492 1196 2562 qanod
1222 2492 1279 2549 lieri
1301 2507 1354 2548 non
1368 2493 1511 2558 credimus,
1526 2504 1621 2549 contra
1641 2496 1712 2550 hane
1724 2510 1777 2551 car·

68 2628 70 2632 ε
149 2582 285 2639 limandos
299 2583 465 2639 miserrimus
475 2591 503 2639 et
513 2591 647 2651 peccator,
659 2595 708 2652 pro
720 2579 837 2637 remedio
850 2580 938 2636 anime
988 2584 1070 2640 auiam
1093 2583 1302 2650 deliberationis,
1322 2597 1400 2653 onam
1421 2587 1471 2654 epo
1484 2594 1633 2654 spontanea
1646 2587 1777 2640 voluntate

148 2687 210 2732 anco
221 2673 263 2728 rel
272 2672 446 2734 retributione
460 2672 513 2730 sito
524 2681 626 2738 eterne,
644 2687 675 2728 oa
691 2687 742 2740 ene
761 2671 866 2727 micitia
881 2671 937 2727 Deo
988 2692 1048 2733 rusa
1076 2674 1132 2732 deri
1158 2676 1260 2745 rogari,
1275 2676 1422 2745 irrumpere
1436 2686 1479 2731 aut
1502 2685 1632 2744 tenrptare
1657 2676 1776 2740 voluerit,

148 2764 191 2821 rel
211 2779 243 2821 os
264 2765 441 2821 nruniileemia
466 2778 558 2835 regum
580 2764 670 2819 domnii
692 2761 833 2818 childerici
856 2764 935 2832 repis,
989 2768 1140 2837 inprimitus
1152 2764 1217 2820 iram
1231 2764 1376 2821 divinitatio
1402 2766 1530 2828 incurrat,
1548 2776 1576 2821 et
1598 2766 1635 2821 ab
1659 2766 1778 2821 ominibus

147 2868 198 2912 noc
225 2869 277 2912 non
302 2862 330 2912 et
350 2855 469 2925 precelse
483 2853 581 2911 domne
594 2852 774 2910 chinechildis
786 2853 877 2922 regine
891 2868 938 2922 per
991 2857 1124 2913 liminibus
1145 2863 1298 2911 sanctorum
1317 2853 1564 2916 excommunicatus
1591 2863 1729 2925 appmreat,
1752 2861 1777 2907 ct

146 2963 239 3006 corum
260 2953 457 3021 preceptionem
478 2943 556 3002 nohis
578 2944 686 3002 luerunt
703 2943 809 3013 coliata,
832 2945 882 3000 hoc
895 2952 938 3000 est
988 2949 1099 3018 insuper
1113 2947 1209 3003 inserat
1228 2946 1305 3003 robis
1317 2960 1377 3002 cum
1391 2945 1464 3001 socio
1479 2946 1543 3000 deco
1567 2946 1626 3000 auri
1650 2947 1732 3001 libras
1751 2960 1774 3009 r,

146 3039 238 3095 sillam
263 3048 441 3107 nuncupatam
465 3036 608 3100 barisiaco,
633 3052 658 3091 an
683 3051 749 3106 papo
768 3035 936 3092 laudunensi
986 3039 1088 3106 argenti
1103 3038 1219 3109 pondera
1237 3053 1287 3103 rr,
1304 3045 1330 3091 et
1349 3044 1457 3091 coaetus
1477 3035 1600 3102 exolvat,
1619 3043 1651 3090 et
1671 3035 1776 3090 ciclade

143 3131 233 3199 sitam,
251 3131 293 3186 ubi
307 3130 448 3187 cenobium
463 3128 489 3184 in
505 3127 563 3183 loco
575 3129 763 3196 cogrrominato
779 3125 934 3194 Faocrolas,
985 3131 1073 3186 minus
1087 3144 1199 3200 presens
1213 3129 1314 3186 cartula
1337 3128 1535 3183 deliberationis
1562 3129 1638 3183 omni
1662 3137 1776 3197 tenpore

143 3229 172 3284 io
195 3228 297 3283 honore
317 3222 402 3280 sancti
425 3223 496 3278 Petri
514 3229 541 3277 et
565 3220 639 3276 Pauli
664 3219 786 3290 apostoli,
807 3220 848 3275 ael
871 3220 935 3276 reii-
986 3223 1063 3277 firma
1079 3229 1250 3290 permancat;
1267 3230 1305 3288 et,
1327 3227 1357 3274 ut
1369 3219 1440 3275 circa
1455 3233 1503 3274 ros
1516 3219 1618 3274 cartula
1634 3219 1775 3273 tirmiorem

143 3330 257 3385 quorum
283 3314 441 3369 domnorum
466 3319 618 3366 sanctorum
642 3311 692 3365 suh
713 3307 935 3380 regniabdonnu·
985 3317 1117 3386 upriuurst
1154 3315 1297 3385 rigorem,
1330 3325 1424 3367 manus
1454 3321 1544 3366 nostro
1582 3310 1775 3381 subscriptione

146 3404 278 3460 Beneficii
302 3419 346 3458 mi
370 3400 462 3457 domni
488 3398 645 3454 (ἶθῐΰῐῠῦθῐῑῑ
659 3407 815 3454 “insicum
828 3397 934 3452 inclma-
984 3410 1076 3464 subter
1089 3423 1147 3463 earn
1168 3405 1383 3474 sulrscripsimus,
1407 3402 1772 3465 hctrrmbauduncciritatc,

145 3496 257 3558 vimus,
280 3492 325 3547 ubi
346 3492 432 3548 Vllum
457 3491 637 3548 venerabilem
658 3490 791 3546 Andiecm
812 3491 933 3547 abbatem
988 3516 1051 3557 xpm
1065 3497 1124 3554 Kal,
1139 3497 1315 3566 Septembris,
1342 3495 1356 3536 d
1382 3493 1572 3563 annovyegni
1588 3489 1772 3549 dominipetri

144 3581 313 3652 prelioimuss
340 3589 368 3637 ct
386 3581 444 3652 ipso
457 3583 514 3639 loco
526 3580 567 3637 rel
582 3581 641 3637 ailla
663 3582 784 3651 superius
799 3582 933 3638 nominata
984 3588 1169 3661 gloriosissimi
1182 3587 1325 3644 childerici
1341 3574 1422 3656 regis,
1446 3584 1474 3641 lo
1488 3584 1590 3641 christi
1606 3585 1718 3641 nornine
1728 3597 1773 3654 ego

143 3673 279 3730 barisiaco
298 3688 359 3729 cum
380 3675 452 3729 onmi
465 3672 615 3745 integritate
637 3673 839 3744 reladjacentia
855 3675 933 3730 adse
984 3681 1149 3738 liadebertus
1164 3680 1302 3748 dyaconus
1313 3692 1370 3733 mea
1387 3691 1466 3731 marm
1483 3677 1552 3730 hanc
1562 3676 1715 3731 chartulam
1731 3676 1772 3730 de·

142 3765 302 3836 pertinentia
328 3764 451 3822 dedimus
475 3765 507 3819 ad
534 3764 727 3831 cdi'hcandum;
754 3779 803 3822 nec
828 3781 881 3820 non
904 3773 933 3821 ct
984 3770 1169 3836 liberationis,
1201 3778 1310 3839 rogante
1338 3768 1437 3821 domno
1456 3765 1600 3829 emendo,
1629 3767 1726 3837 scripsi
1749 3771 1773 3820 tt

140 3858 235 3916 locella
250 3867 400 3928 nuncupata
424 3866 436 3895 ⁶
461 3856 487 3912 in
500 3857 650 3913 cinciniaco
670 3872 747 3926 qoem
767 3858 809 3913 vir
822 3859 933 3916 illustris
983 3859 1138 3929 subscripsi.
1163 3858 1256 3913 Notavi
1280 3858 1350 3911 diem
1376 3868 1403 3911 et
1422 3867 1551 3925 tempora.
1568 3856 1627 3925 ligo
1642 3856 1772 3911 Amandus

141 3948 300 4005 Fulcoaidus
313 3948 366 4003 dut
382 3962 429 4017 per
440 3961 514 4002 suurn
527 3945 676 4017 epistolam,
687 3962 747 4003 cum
758 3946 818 4017 lure
830 3956 856 4002 et
866 3948 932 4002 soii·
983 3958 1108 4018 peccator
1122 3947 1189 4002 hanc
1204 3945 1341 4014 epistolam
1361 3960 1375 3999 a
1398 3959 1441 3999 nne
1456 3944 1551 3999 laetam
1577 3946 1737 4012 subscripsi,
1748 3953 1772 3998 et

139 4041 223 4097 ditato
236 4052 285 4097 sna
300 4040 378 4095 nobis
389 4053 436 4109 pro
453 4038 542 4093 anime
551 4053 599 4094 sue
612 4037 730 4094 remedio
743 4037 865 4103 contulit,
883 4052 932 4094 ssu
982 4055 1031 4097 eos
1045 4041 1090 4109 oui
1114 4039 1284 4096 subscribant
1297 4053 1371 4108 rogo.
1396 4038 1424 4093 ln
1438 4036 1535 4092 christi
1551 4039 1664 4092 nomine
1678 4038 1770 4100 Atinia,

137 4144 166 4192 et
177 4150 297 4191 mansum
312 4134 358 4205 qui
373 4143 414 4191 est
426 4132 493 4186 inira
505 4146 596 4187 muros
608 4131 721 4188 civitatis
735 4129 929 4198 laudunensis,
982 4149 1014 4190 ac
1036 4134 1059 4190 si
1084 4143 1205 4203 peccator
1226 4132 1390 4200 episcopus,
1414 4129 1569 4198 subscripsi.
1602 4130 1657 4199 Epo
1681 4129 1771 4186 Paulus

137 4240 217 4295 ouem
242 4224 284 4279 uir
305 4224 464 4281 uenerabilis
488 4223 617 4279 conlisus
630 4222 831 4278 archidiaconus
853 4221 929 4278 nobis
982 4225 1120 4296 presbyter
1142 4222 1296 4288 subscripsi.
1327 4221 1416 4288 ‘Ego
1430 4218 1518 4284 ,wrm
1542 4221 1686 4291 presbyter
1713 4221 1770 4276 sub

139 4328 188 4384 per
200 4314 329 4370 cartulam
350 4307 501 4369 donationis
515 4313 634 4369 noscitur
647 4311 862 4381 delegasse3nec
875 4326 927 4367 non
980 4317 1086 4388 scripsi.
1129 4315 1270 4372 Bertuinus
1304 4313 1461 4382 subscripsi.
1494 4312 1605 4368 Velinus
1637 4313 1768 4382 dyaconus

139 4413 168 4459 et
186 4403 290 4460 vineam
314 4404 341 4460 in
355 4403 407 4459 dne
422 4403 615 4472 crispiacense,
626 4416 686 4457 cum
697 4401 811 4457 vinitore
824 4402 929 4456 nominc
981 4407 1139 4476 subscripsi.
1156 4403 1473 4473 hithecariuspreshyter
1484 4402 1642 4472 subscripsi.
1661 4402 1672 4441 ί
1689 4402 1769 4457 cisle-

139 4494 399 4561 Wulhcmnc,nohis
410 4494 452 4549 uir
464 4493 574 4548 illustris
584 4489 786 4546 chedenoaldus
796 4491 928 4559 qnondam
982 4499 1083 4553 uurdus
1106 4495 1261 4564 subscripsi.
1285 4494 1398 4549 Ymnius
1423 4491 1582 4561 subscripsi.
1615 4491 1768 4546 Griubcrtus

139 4585 223 4651 dedit,
234 4600 282 4640 seu
291 4592 319 4640 et
331 4592 429 4641 terram
450 4598 529 4655 quant
545 4582 695 4638 antedictus
715 4581 928 4648 chedenoaldus,
980 4588 1137 4658 subscripsi,
1159 4586 1332 4651 otescalcus,
1354 4583 1425 4653 qnod
1453 4597 1533 4638 mann
1551 4581 1644 4636 domni
1660 4582 1767 4636 hmandi

138 4695 189 4737 uec
215 4692 269 4736 oen
291 4689 318 4735 sl
341 4678 452 4736 illustris
468 4680 508 4733 tir
519 4677 671 4751 Vulsmtnts
686 4690 768 4745 suber
778 4675 930 4730 fluvioses·
984 4679 1163 4748 corrscriptnar
1178 4677 1242 4741 uidi,
1256 4673 1412 4744 subscripsi.
1443 4672 1517 4728 bado
1530 4672 1690 4742 subscripsi.
1704 4676 1767 4727 ilar·

141 4771 251 4836 mercia,
270 4769 303 4827 ad
316 4770 506 4826 monasterium
519 4769 696 4826 edificandum
717 4766 867 4836 inprimitus
885 4766 931 4822 de·
985 4774 1056 4830 tinus
1071 4770 1204 4842 baconus
1215 4766 1370 4836 subscripsi.

137 4865 253 4920 derunt:
268 4861 421 4919 haecomnia
434 4861 557 4930 superius
577 4860 711 4914 nominata
723 4871 738 4912 a
751 4857 794 4913 die
809 4867 933 4927 presente

173 4989 187 5018 ¹
199 4975 310 5033 Edimm
322 4990 354 5031 cs
377 4973 531 5046 apographo
551 4973 577 5027 in
596 4969 816 5042 chartophylacio
839 4979 932 5023 nostro
1019 4953 1031 4983 ⁶
1048 4951 1080 5005 ¹¹⁸
1092 4947 1248 5009 animm
1261 4946 1290 5029 ¹⁶.
1304 4953 1355 5025 ω·
1371 4947 1397 5026 ln
1410 4946 1546 4999 ’θηίῑοήο
1560 4946 1613 5028 ¹9⁰³
1626 4946 1660 5025 ‘¹9
1673 4946 1764 5028 ,Μ’

137 5045 268 5116 reposito,
291 5046 425 5114 “mimo
443 5059 514 5101 ,nno
537 5039 606 5097 4773
631 5057 647 5096 a
670 5043 768 5097 domno
790 5039 932 5108 Queynsffl
983 5039 1027 5093 qur
1054 5034 1145 5088 parum
1169 5033 1183 5070 a
1209 5018 1342 5072 Barastaco
1360 5016 1450 5070 distat.
1478 5016 1546 5071 iiale
1565 5033 1593 5070 tn
1618 5017 1699 5071 editu
1718 5031 1765 5071 uao

135 5117 350 5188 congregationis
363 5115 450 5170 Sancti
467 5115 561 5176 iiauri,
585 5128 617 5167 ea
638 5110 800 5166 chartulario
816 5123 864 5164 atto
879 5124 931 5164 soe·
983 5089 1260 5149 Vlifb⁰¹¹¹⁶⁵⁸⁶⁵'‘⁵“⁶⁰·

137 5189 192 5242 cuii
219 5189 245 5242 in
260 5187 370 5242 archivo
385 5182 544 5242 chronensis
555 5180 786 5238 monasterii.lam
801 5180 930 5242 cointius,
1018 5160 1137 5244 ⁶,A¹,¹¹¹¹¹‚⁸
1153 5173 1168 5211 l
1184 5157 1258 5243 min?
1271 5154 1410 5211 almerici
1424 5152 1445 5207 ¹¹
1457 5154 1605 5237 ⁸⁰¹lssifd³l
1623 5172 1684 5236 ,⁰¹⁰⁰
1702 5169 1764 5236 ²⁰9⁰

137 5229 234 5314 Ann’ay·
251 5268 271 5314 ,Ι
284 5256 328 5323 Ν,
343 5271 402 5328 9³8·
418 5252 483 5322 θῶ,
495 5267 521 5312 0,
537 5253 716 5317 puujttuusus,
736 5254 796 5305 Apu,
809 5251 857 5308 ss,
869 5251 929 5304 0„y‚
982 5233 1080 5289 christo
1096 5227 1148 5284 ccl
1162 5235 1209 5281 aut
1221 5225 1284 5281 6b5.
1306 5225 1363 5280 llos
1387 5233 1476 5279 antem
1490 5225 1628 5279 childemer
1652 5227 1725 5282 deest
1740 5239 1763 5278 aa

136 5327 256 5464 {aha
278 5319 930 5466 :curata:“ta.u:¹².t:.:ann·¹u:
981 5296 1461 5437 ⁶⁶2²'tsi’¹hi‘iiii'ice
1480 5364 1621 5433 a...
1634 5364 1763 5422 εεεε

100 5556 104 5563 .
136 5482 483 5592 Ψῗωκὲᾟηὴωωω
503 5534 603 5604 wip„
628 5530 756 5600 emungi,
783 5528 927 5593 Cornum,
981 5442 1327 5563 emtuslloecsGialehurdos
1349 5504 1624 5572 sabsmipsi,pariter
1646 5502 1763 5560 ineditis

136 5609 213 5674 quasi
227 5608 309 5663 textui
330 5608 441 5673 irascrta,
462 5621 523 5661 curn
547 5603 664 5673 regulam
687 5599 771 5656 sancti
793 5597 928 5652 cerredieti
981 5581 1097 5663 cmii-⁸²⁰·
1113 5578 1196 5634 “¹5³²
1206 5575 1375 5643 ¹⁰c¹¹⁰¹¹⁰⁸r⁵i
1385 5589 1445 5646 (1¹¹³
1456 5574 1526 5642 ²¹¹²⁹
1537 5575 1636 5633 ”uum
1644 5571 1762 5632 ΜΝ

137 5676 390 5805 animulae
404 5677 486 5805 {nisse
515 5675 612 5732 ascetis
643 5670 868 5729 carisiacensibus
896 5669 929 5724 ah
981 5666 1045 5709 *¹⁸ae
1058 5658 1130 5708 ⁵⁰⁰²·

245 5760 327 5806 occu
391 5761 430 5804 a.
