3788 6126
123 330 194 391 ibib
709 324 739 379 S.
761 315 1054 378 uuucbnbossltAE
1076 317 1165 374 lttt.
1683 320 1759 377 tuta

122 459 187 508 sate
198 444 316 504 tribunal
329 443 424 500 eterni
437 440 539 500 indicit
554 441 638 514 posits
653 439 855 496 candidatorum
867 440 910 506 lot
923 435 951 497 Α
962 435 1067 505 pietatb
1081 438 1180 511 cuitus,
1205 435 1323 493 lenitatis
1345 435 1464 493 tilectus.
1491 435 1611 506 cunique
1626 437 1754 494 omnibns

123 541 182 613 lpsa
194 545 255 607 post
265 530 411 605 referebat)
424 538 549 588 catervas
562 532 743 599 conspiceret,
752 543 915 601 omnemque
963 538 1144 600 protuberet,
1167 530 1260 586 etenit
1276 539 1304 583 ut
1319 539 1411 585 contra
1427 539 1548 585 tenorem
1564 530 1663 600 regule
1676 531 1753 588 tatt-

125 627 333 692 rsllilisoteurii
358 635 422 683 ante
444 623 558 693 porion
583 624 676 679 aternu
700 622 803 678 indicis
826 631 915 676 astare
964 619 1027 690 quid
1051 628 1153 690 ageret.
1185 622 1304 690 Curiique
1329 620 1469 692 objurgata
1496 635 1510 674 a
1536 619 1645 690 prelata
1669 620 1754 680 butro

123 720 305 790 conspiceret,
316 716 392 773 audit
405 731 420 769 a
434 715 531 772 tlsrooo
544 729 636 771 nocem
651 713 802 769 dicentem:
815 711 916 768 lieret·
967 710 1226 768 isittetutsdmitse
1237 726 1314 768 trusa
1323 713 1429 782 culpam
1441 713 1570 777 laerones
1580 713 1756 786 quoadusquo

126 824 206 881 tere,
224 811 287 884 quis
302 809 416 879 adplene
431 807 559 865 seculum
575 821 629 861 nou
639 805 815 875 dereliquisti.
838 802 917 861 sert-
965 802 1130 872 poenitentiae
1140 802 1289 860 interdicta
1300 818 1420 858 normam
1429 801 1566 872 implesset
1576 818 1754 873 macotpore

126 917 202 980 ptam
225 912 267 962 esi
286 902 378 962 etnim:
400 902 466 956 lists
479 908 504 956 et
517 900 618 954 dabitur
631 898 700 953 uobis
714 896 793 967 (batt.
808 912 844 960 rs,
857 894 915 965 till.
967 892 1073 948 llomini
1094 894 1223 963 privaret.
1245 892 1367 962 Cutnnue
1382 891 1429 945 ilia
1442 891 1511 947 sacri
1528 893 1650 963 corporis
1664 893 1754 965 prisa-

126 1009 157 1059 ιι
168 999 232 1056 aiibi
246 998 273 1055 in
286 996 427 1055 oratione:
443 992 548 1049 Dimitte
560 992 633 1047 nobis
643 991 727 1047 debito
740 998 839 1055 nostra,
851 988 916 1043 tirst
967 985 1039 1039 unna
1054 983 1223 1040 interdictum
1238 981 1367 1048 audisset,
1382 983 1511 1054 pratibus
1526 986 1623 1040 ictuata
1637 982 1761 1049 vulneris

127 1101 154 1149 et
171 1107 220 1147 rtot
238 1088 389 1144 dimittimus
403 1085 559 1141 debitoribus
573 1083 666 1137 uostris
678 1080 786 1151 (Hosti.
800 1094 842 1144 rr,
858 1076 916 1148 tt).
967 1076 1018 1131 bus
1031 1074 1096 1132 uere
1110 1075 1202 1143 coepit.
1228 1073 1293 1130 liras
1309 1072 1419 1129 enimin
1433 1075 1579 1130 crastinum
1593 1083 1697 1131 morata
1712 1092 1756 1132 su·

128 1183 188 1241 tlon
201 1183 273 1247 enisu
288 1178 412 1236 dimisisti
431 1177 567 1233 sodalibus
581 1185 677 1238 totum.
691 1173 752 1242 uuis
767 1170 814 1227 tibi
830 1170 918 1227 illatas
967 1166 1092 1223 lenrrttss
1104 1165 1174 1221 beati
1187 1163 1315 1221 antistitis
1328 1164 1434 1221 blardni
1449 1167 1586 1221 uasssitus.
1651 1170 1655 1175 '

128 1274 268 1331 molestias
284 1270 436 1337 retinuisti;
460 1267 634 1324 sesrviniscerc
656 1275 683 1321 te
702 1262 844 1319 adversum
863 1270 918 1316 tres
1002 1256 1029 1312 7.
1050 1255 1215 1327 Pervigilant
1228 1271 1292 1326 ergo
1306 1270 1336 1310 ca
1353 1265 1442 1322 nocte,
1456 1265 1483 1311 ct
1495 1256 1657 1312 strictionem
1671 1258 1759 1327 cnlpae

127 1378 273 1437 comparet
286 1363 365 1418 latos
378 1367 502 1432 portasse
515 1359 631 1428 animur,
645 1371 694 1412 nec
707 1353 818 1411 omnino
831 1350 922 1408 indul:
968 1360 1102 1413 exorant,
1128 1362 1165 1403 oe
1186 1348 1251 1402 tanti
1271 1345 1362 1401 damni
1385 1347 1533 1402 incurreret
1558 1360 1667 1403 causam
1692 1358 1720 1401 ιιι
1743 1363 1758 1399 a

128 1460 229 1535 gestiat
243 1456 421 1514 medicamine
435 1454 531 1511 vulnsm
551 1469 584 1509 es
605 1462 663 1510 toto
677 1451 780 1506 illatum
796 1461 914 1504 murtae
968 1450 1082 1509 wilm
1095 1438 1197 1493 (ἶῑιῐῑιῑῑ
1219 1439 1359 1509 ⁸¹¹¹·⁰¹⁸¹l'³
1373 1447 1570 1509 ‘bileiil‘fflfs
1587 1438 1686 1494 meruit
1700 1447 1758 1493 lille

128 1547 245 1622 corripe
258 1562 323 1619 erpo
336 1559 446 1613 mores,
469 1558 602 1615 compone
621 1542 724 1599 animos
738 1554 808 1613 qnos
826 1549 919 1610 teporo
969 1531 1031 1587 dem
1054 1539 1118 1600 post·
1138 1530 1272 1601 lacrymas
1294 1541 1322 1586 et
1343 1533 1449 1587 uberes·
1464 1532 1584 1601 rugitus,
1608 1546 1644 1586 ac
1665 1531 1767 1611 crebra

128 1643 173 1700 ,d
188 1640 347 1713 mpmp,
362 1639 514 1695 meumst,
969 1621 1094 1693 suspiria,
1106 1620 1264 1676 veniabilem
1276 1620 1486 1677 consolationem
1496 1636 1511 1677 a
1522 1620 1635 1678 ltontno
1647 1620 1756 1679 babere.

166 1734 195 1791 5.
215 1731 310 1789 liirutu
323 1730 397 1787 dicto
409 1729 418 1783 ι
432 1727 539 1785 rediens
553 1742 585 1785 ac
594 1727 657 1784 tite
671 1726 790 1796 pristinae
803 1724 918 1793 reddita,
971 1715 1055 1781 iasio.
1070 1717 1166 1787 iniquit,
1178 1727 1204 1772 et
1219 1717 1244 1772 in
1260 1715 1309 1772 bae
1322 1717 1365 1773 die
1379 1718 1551 1775 reconciliare
1566 1718 1683 1783 Clnristo,
1696 1722 1767 1786 puris.

129 1820 254 1881 tristibus
275 1819 399 1877 lamentis
424 1817 527 1874 illatam
550 1816 716 1890 deprompsit
739 1817 919 1885 sententiam,
936 1778 1099 1864 ndelictum
1114 1823 1162 1877 pro
1174 1823 1227 1878 ιιι
1241 1808 1378 1876 postulasti
1390 1806 1529 1863 dimissum
1543 1819 1585 1864 est
1598 1809 1657 1874 tibi.
1671 1811 1760 1866 liutri-

130 1921 292 1984 roatumuue
303 1924 383 1969 stom
396 1908 551 1977 molltctur,
562 1907 722 1979 sodalesque
734 1917 812 1966 tocat
826 1907 921 1965 adrer-
971 1917 1024 1973 tptc
1046 1901 1166 1956 indicans
1186 1899 1329 1971 patefacito
1343 1901 1416 1971 qnod
1436 1901 1502 1958 disi.
1526 1901 1602 1972 Quod
1618 1919 1696 1959 manc
1712 1920 1765 1973 per.

130 2018 193 2063 sau
202 2016 270 2076 quta
280 2011 369 2060 motos
378 2003 483 2058 animos
492 1999 656 2069 deportarat,
668 2001 827 2068 reniatunue
837 2002 923 2071 poselt
972 1995 1169 2052 contessionem
1184 1995 1310 2051 bumilem
1324 1993 1398 2051 blasti
1413 1995 1546 2065 patctccit,
1558 2011 1689 2067 moroque
1699 2012 1764 2057 eor·¹

131 2110 169 2152 ss
181 2094 216 2151 de
230 2102 303 2149 tants
317 2092 461 2149 dolositate
473 2091 569 2147 tiamna
587 2092 707 2148 incurrsu
720 2091 783 2148 tilae
797 2102 920 2159 aetemce3
973 2087 1030 2158 pori
1055 2086 1226 2143 reconciliata
1245 2085 1395 2157 religiosam
1412 2086 1579 2154 msttssodum
1596 2088 1677 2142 vitam
1695 2102 1758 2158 pcr-

131 2200 234 2257 testpue
248 2183 388 2241 mensibus
402 2183 510 2239 sanitati
525 2183 627 2238 reddita
643 2191 704 2253 post
716 2183 840 2250 praesenti
855 2182 922 2238 risit
972 2177 1044 2248 epit.
1067 2191 1099 2232 ιι
1112 2186 1172 2247 butt
1190 2176 1333 2232 multotum
1348 2176 1447 2232 circuis
1464 2186 1614 2246 temporum
1630 2193 1692 2236 cum
1703 2178 1767 2249 itttt

131 2281 161 2335 in
175 2293 244 2346 ero,
258 2285 435 2349 correptaque
450 2285 509 2347 post
525 2274 598 2330 lebre
613 2275 683 2330 (dem
698 2274 787 2331 esitus
800 2273 841 2330 sni
855 2288 922 2344 prte-
972 2284 1031 2325 eant
1054 2268 1166 2327 Creator
1189 2271 1309 2325 omrriusu
1331 2270 1402 2327 ereio
1425 2270 1542 2326 cosulere
1567 2271 1669 2335 soluit.
1693 2272 1762 2339 ipsuis

133 2371 211 2439 dicit,
222 2370 369 2440 buramuue
381 2367 496 2425 abeund
510 2368 544 2424 de
557 2367 657 2423 mundo
673 2367 842 2435 praenuntiat.
857 2366 923 2434 Quae
975 2363 1056 2420 labris
1069 2364 1214 2433 corripuit;
1234 2378 1349 2432 enmono
1363 2363 1388 2417 in
1404 2365 1531 2419 estiensis
1544 2371 1617 2419 essct
1630 2364 1686 2419 sit:
1701 2362 1766 2434 Cito

132 2462 170 2515 its
185 2460 407 2517 isiieemsitum
431 2458 555 2529 pererit,
580 2466 609 2512 ut
631 2457 700 2512 intra
719 2455 846 2513 sellulam
869 2470 922 2527 qua
972 2454 1471 2511 curreutetunamerobismortuam
1487 2463 1768 2525 supernotamus

133 2563 234 2620 eorpus
245 2547 352 2620 lacebat
366 2546 629 2615 exanimabuntur
642 2545 921 2604 cretercsuesnusrs.
973 2556 1130 2600 ceterarum
1146 2547 1281 2601 cosrsnrtio
1295 2545 1413 2616 dejicite,
1437 2561 1489 2600 non
1511 2549 1582 2601 enisu
1598 2545 1707 2615 diguam
1721 2556 1770 2627 est.¹

133 2641 212 2715 Quod
225 2642 345 2699 ousion
360 2642 404 2712 qni
424 2656 457 2697 eo
476 2649 541 2696 tunc
561 2640 598 2696 ibi
613 2638 711 2695 luimus
727 2648 847 2707 tempore
861 2652 924 2693 ma·
974 2646 1003 2691 :tt
1017 2651 1077 2705 uuae
1092 2636 1224 2692 crucilisac
1240 2636 1339 2692 nvurrdo
1350 2652 1403 2693 nou
1414 2636 1464 2693 tibi
1476 2638 1580 2703 vivont,
1592 2647 1725 2694 mortuam
1736 2646 1765 2694 et

133 2747 216 2806 pum
229 2734 319 2805 paruit
338 2733 505 2789 miraculum.
531 2730 584 2787 Sed
606 2742 633 2787 et
655 2730 791 2786 tricesimo
805 2729 849 2785 dic
861 2745 922 2784 crum
974 2746 988 2785 s
1005 2732 1058 2786 rita
1071 2740 1236 2800 segregatam
1252 2729 1362 2786 interae
1374 2729 1517 2785 retineant.
1534 2733 1653 2797 cumque
1667 2744 1770 2787 crotous

133 2822 193 2896 eitra
205 2822 485 2880 commemorationem
502 2837 535 2879 ex
550 2820 922 2878 moreccclesiasticoiacere
975 2823 1045 2878 inter
1069 2836 1099 2877 se
1122 2820 1331 2891 ctrstnuirerent,
1360 2829 1389 2876 et
1413 2819 1539 2891 octiduum
1565 2819 1657 2876 dicere
1684 2820 1767 2876 vctlct

134 2928 308 2978 murentur,
329 2923 361 2983 ¹et
384 2914 527 2970 missarum
552 2912 682 2968 solemnis
705 2909 924 2978 celebraremus,
975 2912 1187 2976 sciscitarentur,
1209 2925 1260 2966 una
1282 2925 1374 2966 esrum
1388 2909 1500 2967 cotsbtsa
1523 2925 1554 2966 ac
1578 2921 1681 2967 tcrrorc
1699 2927 1762 2982 per·

136 3014 209 3061 unta
224 3003 366 3076 inpane·
380 3004 521 3060 ecclesism
537 3005 668 3074 replerit,
689 3011 718 3059 nt
732 3002 851 3059 omniunt
868 3018 922 3058 un·
978 3004 1051 3058 culos
1068 3003 1126 3058 solu
1139 3002 1328 3073 prosternitur,
1350 3016 1479 3072 suamque
1494 3015 1591 3059 notam
1606 3003 1767 3069 condtetur,‚

135 3102 297 3163 fluentorum
310 3106 344 3150 te
356 3092 552 3165 pipmentorum
566 3094 664 3150 odorm
677 3094 802 3151 crederes
816 3094 923 3150 adesse.
939 3121 962 3185 c
977 3111 1008 3152 ac
1021 3098 1047 3152 in
1060 3096 1185 3161 omnibus
1198 3111 1227 3152 se
1238 3096 1437 3153 emendaturum
1450 3095 1599 3167 pollicetur.
1617 3096 1681 3152 Erat
1691 3098 1771 3154 enirn

136 3186 233 3243 nerito
246 3186 346 3245 etartn
367 3202 457 3244 rerum
470 3187 549 3244 Sator
564 3187 607 3243 lsic
628 3187 679 3243 sibi
699 3187 800 3244 dicatas
820 3188 925 3244 animat
978 3187 1077 3242 seculo
1090 3201 1190 3243 ructus
1202 3193 1231 3240 et
1244 3187 1309 3243 ioris
1329 3187 1484 3244 saeculorem
1500 3188 1580 3245 sitam
1592 3187 1763 3255 desiderans,

137 3280 197 3336 tuis
210 3279 367 3336 nomnibus
380 3280 443 3335 lacit
456 3279 594 3349 ettntperc,
607 3279 652 3349 uui
665 3279 700 3335 ob
714 3293 791 3336 suum
806 3292 926 3335 amorem
977 3293 1027 3334 nec
1041 3277 1238 3336 mortiiicatinnl
1260 3279 1370 3334 omnino
1392 3278 1528 3349 prebebat
1550 3278 1667 3336 studium
1679 3322 1687 3347 ‚
1711 3280 1762 3337 ted

137 3368 290 3427 nullatenus
302 3369 443 3427 valuerunt
456 3371 584 3429 seculum
598 3371 763 3443 diligeretsi
777 3384 882 3426 amare.
977 3379 1034 3424 tuta
1044 3368 1149 3423 vivebat
1158 3368 1266 3425 sucula.
1284 3366 1405 3425 emoneo
1417 3367 1624 3426 ilereltantrudis
1635 3384 1696 3425 cutn
1707 3369 1764 3441 jam

445 3458 559 3518 catut
578 3459 621 3516 iil.
977 3473 1029 3513 not
1044 3467 1100 3513 atra
1116 3458 1241 3514 irruisset
1260 3467 1289 3514 ct
1310 3458 1385 3528 pulsa
1401 3459 1461 3516 luce
1480 3459 1573 3518 orbem
1588 3470 1712 3529 teneret,
1737 3462 1769 3518 in

305 3547 344 3606 De
359 3550 564 3608 detrimentis
577 3552 628 3608 aito
643 3560 666 3607 et
681 3552 759 3607 oirirs.
977 3551 1071 3608 ccllulu
1093 3567 1145 3622 qua
1166 3551 1274 3623 jacebat
1297 3553 1386 3609 lumen
1400 3552 1469 3624 lpnis
1482 3563 1558 3624 rogat
1580 3555 1770 3626 exstinguere..

172 3640 202 3695 b.
221 3640 350 3711 Maru
373 3643 473 3700 etenim
496 3643 584 3714 puelia
606 3644 675 3698 intra
700 3642 818 3699 inlsntioe
842 3658 927 3700 anuos
978 3641 1096 3710 cornuue
1119 3650 1225 3699 ιιιιιι
1248 3642 1450 3699 sciscitarentur
1471 3645 1534 3714 spatici
1557 3644 1765 3703 dicererellct:

140 3730 506 3797 deleswllerebuntrudic
521 3736 643 3801 nomine,
658 3733 814 3805 parentibus
831 3735 928 3790 nobili·
978 3733 1035 3789 lion
1051 3733 1159 3801 videtis,
1184 3735 1283 3807 inquit.
1305 3745 1420 3805 uuarvmt
1443 3736 1570 3805 splendor
1592 3737 1717 3793 adveniat
1738 3745 1772 3793 ιι

143 3816 208 3888 sss,
217 3821 245 3877 iu
256 3820 438 3893 supradictum
449 3826 643 3880 monasterium
654 3839 784 3882 conuersa
797 3824 924 3882 introivit.
977 3824 1076 3883 eltoros
1091 3828 1244 3883 canentium
1259 3845 1313 3883 non
1328 3819 1448 3885 aud'itisl
1468 3829 1627 3898 Quareutes
1640 3828 1693 3885 illas
1706 3844 1767 3896 uum

142 3912 203 3981 Quo
216 3926 277 3969 cunr
292 3928 340 3985 per
352 3915 452 3970 multos
466 3929 552 3970 annos
563 3915 644 3971 ritum
657 3914 809 3987 religiosam
823 3925 926 3988 speret,
977 3917 1122 3974 concinere
1134 3917 1249 3984 audiret,
1260 3919 1304 3972 ills
1318 3920 1374 3973 ait:
1389 3916 1560 3974 contuemini
1574 3917 1686 3974 liotnirm
1699 3934 1766 3988 spuo·

140 4002 231 4058 esurit
249 4012 279 4059 ot
294 4002 384 4073 losum
399 4004 506 4061 Arbiter
520 4021 569 4076 per
582 4007 723 4077 presentis
736 4008 856 4078 corporis
871 4022 928 4078 poe·
977 4007 1050 4064 niam
1064 4007 1162 4076 mnus,
1176 4008 1301 4078 quoniam
1317 4008 1343 4062 in
1357 4010 1484 4064 uentum
1498 4007 1681 4064 misericordia
1695 4008 1765 4079 ejus.

141 4108 188 4151 sss
215 4095 330 4164 probare
351 4098 448 4164 relict;
474 4104 599 4170 tantaque
622 4107 713 4155 tenera
737 4108 802 4155 aetas
825 4097 927 4170 tapetia
978 4100 1020 4158 vel
1034 4109 1131 4157 cetera
1144 4115 1204 4171 uum
1217 4101 1425 4169 subsequuntur.
1441 4099 1498 4155 bec
1511 4099 1600 4155 omnnia
1613 4114 1662 4155 ora
1674 4101 1773 4167 conci<

140 4186 283 4254 uastauit,
302 4195 332 4242 ut
350 4188 503 4260 exemplum
518 4188 545 4245 in
561 4204 593 4246 et
607 4189 659 4247 bob
671 4204 702 4245 es
719 4204 858 4260 poenarum
874 4190 926 4246 im·
978 4202 1054 4249 nunt.
1077 4190 1275 4248 Admirantibot
1289 4205 1353 4260 ergo
1366 4189 1508 4259 omnibus,
1523 4199 1576 4246 tam
1592 4191 1670 4248 lintri
1683 4206 1766 4264 quam

140 4277 259 4333 nasists
274 4276 442 4336 multitudine
456 4279 584 4337 erederet
603 4280 765 4337 redundare.
789 4279 844 4337 Sed
859 4280 926 4336 mira
978 4283 1167 4340 consodalibus
1188 4282 1310 4338 ultimum
1325 4281 1492 4338 valedicens
1510 4282 1601 4338 emisit
1619 4283 1768 4353 spiritum.

140 4366 166 4423 is
178 4366 294 4439 iuuenili
308 4377 387 4425 atate
401 4370 527 4440 patientie
542 4372 736 4440 reperiebatur,
759 4371 826 4428 mira
842 4370 927 4428 virtut
978 4390 1011 4433 ac
1025 4385 1085 4448 post
1098 4375 1205 4433 lelioctu
1219 4377 1319 4432 esitum
1333 4374 1402 4431 eoelu
1417 4374 1530 4436 reddita.
1545 4384 1645 4430 aelerna
1659 4391 1769 4447 prome·

140 4456 316 4527 lumittutts,
338 4461 405 4516 mira
426 4460 620 4529 mansuetudo,
643 4463 709 4516 mira
731 4463 834 4533 pletas,
860 4463 926 4518 mitt
943 4465 1032 4526 [ituit
1045 4465 1140 4537 paedia
1155 4465 1301 4536 possidere,
1315 4473 1342 4521 ct
1355 4481 1386 4521 cs
1402 4466 1579 4537 pratentibus
1593 4469 1681 4541 plenis
1694 4469 1769 4527 luera

140 4549 251 4621 usius,
264 4552 331 4607 mira
346 4551 463 4609 ebaritas
478 4552 603 4622 pollebat.
621 4552 690 4607 luter
703 4567 790 4621 poersse
804 4553 927 4609 incendia
977 4575 1073 4630 capere
1086 4557 1146 4613 vitan
1160 4567 1279 4613 aeternae.

141 4643 226 4699 sirtsts
240 4642 337 4699 animae
360 4644 501 4710 manebat,
516 4644 672 4698 inconeussa
689 4642 765 4708 lidos,
782 4642 926 4698 immobilis
1283 4647 1395 4705 CAPUT
1412 4647 1459 4704 ill.

139 4732 268 4798 bonitas,
292 4732 509 4803 incomparabilis
539 4735 716 4806 lacrymarum
747 4734 874 4800 ubertas;
900 4735 927 4790 ln
1094 4742 1132 4796 lie
1146 4741 1215 4796 obitas
1229 4740 1378 4811 aunofledis
1391 4749 1415 4795 et
1430 4751 1508 4797 cents
1522 4716 1654 4813 nannetico.

142 4832 272 4894 usatsturn
286 4838 385 4895 corpus
402 4826 536 4895 angebant
550 4840 635 4896 poettu
649 4825 738 4889 illatae,
754 4832 855 4882 mustum
869 4827 928 4882 ani·
1014 4831 1041 4886 8.
1062 4832 1119 4888 Alia
1135 4845 1241 4902 quoque
1262 4846 1295 4886 ιο
1316 4839 1436 4898 tempore
1450 4832 1549 4888 llbristi
1565 4834 1640 4902 virgo
1660 4834 1768 4888 nemisse

140 4930 213 4972 matrs
228 4914 380 4973 lcttltcsbst
394 4932 456 4988 spes
475 4919 632 4990 paruulorum
659 4928 687 4973 ct
710 4920 854 4975 exsultatio
869 4921 929 4975 vitm
981 4922 1146 4990 benededit,
1162 4937 1223 4977 curu
1239 4931 1374 4979 extremos
1388 4922 1487 4979 inolitus
1501 4922 1662 4987 dimitteret,
1676 4933 1704 4978 et
1718 4937 1768 4992 pru

141 5016 260 5066 τιιηιι.
275 5008 360 5064 Tanta
370 5011 490 5065 custodia
503 5011 594 5066 listris
605 5011 719 5066 enutrito
733 5012 801 5066 intra
812 5011 927 5068 coenobii
980 5016 1078 5072 damno
1091 5015 1151 5070 ritae
1167 5012 1305 5084 praesentis
1319 5011 1392 5068 lucra
1407 5015 1558 5083 perciperet
1570 5011 1630 5067 vite
1645 5021 1768 5079 eternae,

140 5098 190 5156 istit
202 5108 299 5172 tepla.
321 5108 351 5156 ιιι
365 5102 516 5158 nullatenus
529 5102 600 5160 inter
614 5116 725 5158 maurum
741 5104 843 5160 noverit
858 5102 929 5173 dijts·
982 5108 1094 5178 lataque
1107 5121 1121 5160 a
1135 5106 1223 5161 carnis
1239 5105 1350 5162 neribus
1363 5112 1541 5174 separaretur,
1552 5101 1654 5157 similes
1668 5104 1768 5157 meruit

140 5190 233 5250 dicare
252 5202 386 5262 naturam,
400 5209 477 5265 seque
491 5194 562 5251 cutm
577 5208 678 5251 marem
695 5203 724 5248 ut
738 5195 866 5251 luminam
882 5211 930 5264 pn·
981 5201 1074 5255 csiens
1088 5199 1121 5255 de
1135 5213 1192 5252 aevo
1207 5196 1305 5254 babere
1319 5208 1414 5254 cunum
1428 5196 1468 5251 sui
1482 5192 1578 5251 esitus.
1594 5192 1660 5249 Nam
1673 5205 1769 5264 apertu

141 5280 232 5349 ubst.
255 5297 332 5354 eque
346 5282 473 5341 luminam
496 5293 656 5342 utmorem.
686 5285 843 5356 Exemplum
857 5286 929 5342 enim
980 5288 1090 5346 auribus
1108 5290 1196 5346 hastoit
1216 5302 1277 5358 uuae
1299 5287 1391 5359 procul
1412 5285 1447 5342 ab
1468 5285 1527 5353 eius
1547 5284 1667 5341 excubiis
1686 5300 1767 5341 suess

140 5380 200 5429 erat
225 5374 351 5431 ominibus
375 5375 447 5432 iilius
470 5379 653 5442 conversatio,
679 5376 814 5447 patientiae
833 5378 928 5446 virtut,
979 5391 1201 5456 prorumperent:
1225 5383 1348 5454 dspsrpes
1369 5396 1409 5436 nse
1430 5381 1550 5451 bussoria,
1566 5388 1591 5433 et
1606 5378 1768 5444 inundalum

175 5537 189 5566 ¹
206 5529 416 5598 flemtttrudlt,
439 5548 487 5591 teu
507 5533 698 5597 bonosianis,
722 5541 886 5589 memoratur
902 5535 927 5586 in
979 5536 1094 5607 quondam
1115 5539 1185 5593 sacri
1207 5537 1325 5604 corporis
1345 5533 1574 5606 participationem
1598 5530 1770 5588 interdictam

142 5597 278 5672 biartprul.
295 5602 446 5667 Benedim„
461 5603 504 5660 die
521 5603 643 5668 issisti,
668 5603 816 5674 eodemque
835 5603 879 5658 die
901 5603 926 5657 in
979 5608 1031 5664 erni
1047 5608 1167 5663 annuens
1181 5616 1289 5677 propter
1304 5607 1441 5661 illusiones
1459 5612 1617 5671 nocturnas,
1641 5599 1765 5676 pratibus

141 5672 307 5727 monasterio
319 5683 418 5729 sancta
432 5673 509 5731 Fare
523 5674 628 5729 colitur.
980 5692 1105 5748 percussa
1118 5677 1254 5734 doloribus
1269 5678 1334 5733 itera
1349 5678 1441 5749 coepit,
1453 5688 1505 5733 ιιι.
1525 5693 1535 5728 s

176 5739 189 5781 i
203 5742 283 5812 Apud
299 5741 395 5799 bedam
410 5752 437 5799 et
451 5741 556 5800 Surium
571 5742 686 5814 legitur:
702 5761 711 5797 t
728 5744 789 5800 iluc
807 5753 927 5816 tempore
