<?xml version="1.0" encoding="UTF-8"?>
<!DOCTYPE html PUBLIC "-//W3C//DTD XHTML 1.0 Transitional//EN"
    "http://www.w3.org/TR/xhtml1/DTD/xhtml1-transitional.dtd">
<html xmlns="http://www.w3.org/1999/xhtml" xml:lang="en" lang="en">
 <head>
  <title>
</title>
<meta http-equiv="Content-Type" content="text/html;charset=utf-8" />
  <meta name='ocr-system' content='tesseract 3.04.00' />
  <meta name='ocr-capabilities' content='ocr_page ocr_carea ocr_par ocr_line ocrx_word'/>
</head>
<body>
  <div class='ocr_page' id='page_1' title='image "./patrologiaecurs23unkngoog_0031.png"; bbox 0 0 3788 6126; ppageno 0'>
   <div class='ocr_carea' id='block_1_1' title="bbox 686 284 1269 349">
    <p class='ocr_par' dir='ltr' id='par_1_1' title="bbox 686 284 1269 349">
     <span class='ocr_line' id='line_1_1' title="bbox 686 284 1269 349; baseline -0.01 0"><span class='ocrx_word' id='word_1_1' title='bbox 686 288 856 349; x_wconf 72' lang='lat' dir='ltr'><strong>messuit</strong></span> <span class='ocrx_word' id='word_1_2' title='bbox 875 289 921 346; x_wconf 86' lang='lat' dir='ltr'><strong>tlh</strong></span> <span class='ocrx_word' id='word_1_3' title='bbox 939 287 970 345; x_wconf 88' lang='lat' dir='ltr'><strong>S.</strong></span> <span class='ocrx_word' id='word_1_4' title='bbox 990 286 1091 345; x_wconf 79' lang='lat' dir='ltr'><strong>ctttt</strong></span> <span class='ocrx_word' id='word_1_5' title='bbox 1112 284 1269 343; x_wconf 66' lang='lat' dir='ltr'><strong>scutum</strong></span> 
     </span>
    </p>
   </div>
   <div class='ocr_carea' id='block_1_2' title="bbox 325 398 1583 1737">
    <p class='ocr_par' dir='ltr' id='par_1_2' title="bbox 325 398 1583 1737">
     <span class='ocr_line' id='line_1_2' title="bbox 328 398 1583 474; baseline -0.007 -14"><span class='ocrx_word' id='word_1_6' title='bbox 328 402 437 460; x_wconf 76' lang='lat' dir='ltr'><strong>bonesti</strong></span> <span class='ocrx_word' id='word_1_7' title='bbox 452 403 511 458; x_wconf 87' lang='lat' dir='ltr'><strong>lorti</strong></span> <span class='ocrx_word' id='word_1_8' title='bbox 525 412 631 474; x_wconf 63' lang='lat' dir='ltr'><strong>pectine</strong></span> <span class='ocrx_word' id='word_1_9' title='bbox 984 407 1033 461; x_wconf 80' lang='grc' dir='ltr'><strong>Α.</strong></span> <span class='ocrx_word' id='word_1_10' title='bbox 1246 398 1366 454; x_wconf 77' lang='lat' dir='ltr'><strong>Aiisdde</strong></span> <span class='ocrx_word' id='word_1_11' title='bbox 1379 408 1468 453; x_wconf 81' lang='lat' dir='ltr'><strong>sancte</strong></span> <span class='ocrx_word' id='word_1_12' title='bbox 1477 398 1583 469; x_wconf 74' lang='lat' dir='ltr'><strong>Aperte.</strong></span> 
     </span>
     <span class='ocr_line' id='line_1_3' title="bbox 328 494 648 568; baseline -0.003 -15"><span class='ocrx_word' id='word_1_13' title='bbox 328 497 426 555; x_wconf 79' lang='lat' dir='ltr'><strong>Nescio</strong></span> <span class='ocrx_word' id='word_1_14' title='bbox 440 494 526 568; x_wconf 78' lang='lat' dir='ltr'><strong>pratris</strong></span> <span class='ocrx_word' id='word_1_15' title='bbox 539 494 648 553; x_wconf 87' lang='lat' dir='ltr'><strong>cedere.</strong></span> 
     </span>
     <span class='ocr_line' id='line_1_4' title="bbox 367 587 722 658; baseline -0.008 -15"><span class='ocrx_word' id='word_1_16' title='bbox 367 587 556 643; x_wconf 83' lang='lat' dir='ltr'><strong>intenderetis</strong></span> <span class='ocrx_word' id='word_1_17' title='bbox 570 588 722 658; x_wconf 82' lang='lat' dir='ltr'><strong>supplicum</strong></span> 
     </span>
     <span class='ocr_line' id='line_1_5' title="bbox 327 676 749 744; baseline -0.005 -11"><span class='ocrx_word' id='word_1_18' title='bbox 327 676 652 744; x_wconf 80' lang='lat' dir='ltr'><strong>lloinnnesplrmrtun,</strong></span> <span class='ocrx_word' id='word_1_19' title='bbox 743 733 749 744; x_wconf 72' lang='grc'><strong>,</strong></span> 
     </span>
     <span class='ocr_line' id='line_1_6' title="bbox 330 767 700 839; baseline -0.003 -16"><span class='ocrx_word' id='word_1_20' title='bbox 330 769 381 824; x_wconf 76' lang='lat' dir='ltr'><strong>Per</strong></span> <span class='ocrx_word' id='word_1_21' title='bbox 391 784 469 839; x_wconf 82' lang='lat' dir='ltr'><strong>quem</strong></span> <span class='ocrx_word' id='word_1_22' title='bbox 481 767 570 823; x_wconf 79' lang='lat' dir='ltr'><strong>deuoti</strong></span> <span class='ocrx_word' id='word_1_23' title='bbox 584 767 700 837; x_wconf 77' lang='lat' dir='ltr'><strong>gemitus</strong></span> 
     </span>
     <span class='ocr_line' id='line_1_7' title="bbox 331 858 655 917; baseline -0.012 0"><span class='ocrx_word' id='word_1_24' title='bbox 331 863 461 917; x_wconf 81' lang='lat' dir='ltr'><strong>Parnntnr</strong></span> <span class='ocrx_word' id='word_1_25' title='bbox 473 860 520 916; x_wconf 85' lang='lat' dir='ltr'><strong>Dei</strong></span> <span class='ocrx_word' id='word_1_26' title='bbox 535 858 655 914; x_wconf 81' lang='lat' dir='ltr'><strong>nuribus.</strong></span> 
     </span>
     <span class='ocr_line' id='line_1_8' title="bbox 360 950 660 1023; baseline -0.01 -15"><span class='ocrx_word' id='word_1_27' title='bbox 360 953 487 1023; x_wconf 76' lang='lat' dir='ltr'><strong>Dignatus</strong></span> <span class='ocrx_word' id='word_1_28' title='bbox 499 953 569 1007; x_wconf 91' lang='lat' dir='ltr'><strong>idem</strong></span> <span class='ocrx_word' id='word_1_29' title='bbox 582 950 660 1006; x_wconf 86' lang='lat' dir='ltr'><strong>hodic</strong></span> 
     </span>
     <span class='ocr_line' id='line_1_9' title="bbox 326 1040 616 1106; baseline -0.007 -8"><span class='ocrx_word' id='word_1_30' title='bbox 326 1043 474 1099; x_wconf 79' lang='lat' dir='ltr'><strong>Terrestris</strong></span> <span class='ocrx_word' id='word_1_31' title='bbox 487 1040 616 1106; x_wconf 84' lang='lat' dir='ltr'><strong>inrisere,</strong></span> 
     </span>
     <span class='ocr_line' id='line_1_10' title="bbox 328 1133 711 1190; baseline -0.008 -1"><span class='ocrx_word' id='word_1_32' title='bbox 328 1135 457 1190; x_wconf 77' lang='lat' dir='ltr'><strong>Formasti</strong></span> <span class='ocrx_word' id='word_1_33' title='bbox 472 1149 561 1190; x_wconf 89' lang='lat' dir='ltr'><strong>mores</strong></span> <span class='ocrx_word' id='word_1_34' title='bbox 575 1133 711 1188; x_wconf 91' lang='lat' dir='ltr'><strong>hominnm</strong></span> 
     </span>
     <span class='ocr_line' id='line_1_11' title="bbox 328 1223 693 1294; baseline -0.005 -14"><span class='ocrx_word' id='word_1_35' title='bbox 328 1225 470 1294; x_wconf 72' lang='lat' dir='ltr'><strong>Exemplar</strong></span> <span class='ocrx_word' id='word_1_36' title='bbox 483 1226 515 1280; x_wconf 91' lang='lat' dir='ltr'><strong>ad</strong></span> <span class='ocrx_word' id='word_1_37' title='bbox 529 1223 693 1281; x_wconf 86' lang='lat' dir='ltr'><strong>coelestimn.</strong></span> 
     </span>
     <span class='ocr_line' id='line_1_12' title="bbox 363 1313 809 1387; baseline -0.018 -14"><span class='ocrx_word' id='word_1_38' title='bbox 363 1314 506 1387; x_wconf 76' lang='lat' dir='ltr'><strong>Splendor,</strong></span> <span class='ocrx_word' id='word_1_39' title='bbox 519 1315 614 1383; x_wconf 84' lang='lat' dir='ltr'><strong>uirtus,</strong></span> <span class='ocrx_word' id='word_1_40' title='bbox 629 1315 686 1369; x_wconf 82' lang='lat' dir='ltr'><strong>laus</strong></span> <span class='ocrx_word' id='word_1_41' title='bbox 703 1313 749 1369; x_wconf 89' lang='lat' dir='ltr'><strong>tihi</strong></span> <span class='ocrx_word' id='word_1_42' title='bbox 761 1314 809 1383; x_wconf 87' lang='lat' dir='ltr'><strong>sit,</strong></span> 
     </span>
     <span class='ocr_line' id='line_1_13' title="bbox 325 1406 672 1477; baseline -0.006 -15"><span class='ocrx_word' id='word_1_43' title='bbox 325 1406 391 1462; x_wconf 87' lang='lat' dir='ltr'><strong>Cum</strong></span> <span class='ocrx_word' id='word_1_44' title='bbox 407 1408 485 1463; x_wconf 84' lang='lat' dir='ltr'><strong>Patre</strong></span> <span class='ocrx_word' id='word_1_45' title='bbox 502 1415 590 1477; x_wconf 91' lang='lat' dir='ltr'><strong>paret</strong></span> <span class='ocrx_word' id='word_1_46' title='bbox 604 1406 672 1461; x_wconf 82' lang='lat' dir='ltr'><strong>Filio</strong></span> 
     </span>
     <span class='ocr_line' id='line_1_14' title="bbox 325 1498 667 1569; baseline -0.009 -15"><span class='ocrx_word' id='word_1_47' title='bbox 325 1501 436 1555; x_wconf 77' lang='lat' dir='ltr'><strong>sacrato</strong></span> <span class='ocrx_word' id='word_1_48' title='bbox 445 1508 539 1554; x_wconf 87' lang='lat' dir='ltr'><strong>sancte</strong></span> <span class='ocrx_word' id='word_1_49' title='bbox 551 1498 667 1569; x_wconf 77' lang='lat' dir='ltr'>Spiritus</span> 
     </span>
     <span class='ocr_line' id='line_1_15' title="bbox 327 1585 673 1645; baseline 0.009 -3"><span class='ocrx_word' id='word_1_50' title='bbox 327 1589 378 1644; x_wconf 78' lang='lat' dir='ltr'><strong>Per</strong></span> <span class='ocrx_word' id='word_1_51' title='bbox 391 1588 552 1644; x_wconf 84' lang='lat' dir='ltr'><strong>saecolorum</strong></span> <span class='ocrx_word' id='word_1_52' title='bbox 564 1585 673 1645; x_wconf 80' lang='lat' dir='ltr'><strong>saecula.</strong></span> 
     </span>
     <span class='ocr_line' id='line_1_16' title="bbox 361 1676 455 1737; baseline 0.011 -2"><span class='ocrx_word' id='word_1_53' title='bbox 361 1676 455 1737; x_wconf 71' lang='lat' dir='ltr'><strong>dunen.</strong></span> 
     </span>
    </p>
   </div>
   <div class='ocr_carea' id='block_1_3' title="bbox 1096 530 1815 874">
    <p class='ocr_par' dir='ltr' id='par_1_3' title="bbox 1096 530 1815 874">
     <span class='ocr_line' id='line_1_17' title="bbox 1098 530 1725 605; baseline -0.003 -17"><span class='ocrx_word' id='word_1_54' title='bbox 1098 533 1197 605; x_wconf 84' lang='lat' dir='ltr'><strong>inclyta</strong></span> <span class='ocrx_word' id='word_1_55' title='bbox 1214 533 1290 602; x_wconf 73' lang='lat' dir='ltr'><strong>sirpo</strong></span> <span class='ocrx_word' id='word_1_56' title='bbox 1306 530 1351 586; x_wconf 77' lang='lat' dir='ltr'><strong>hei</strong></span> <span class='ocrx_word' id='word_1_57' title='bbox 1367 541 1460 585; x_wconf 87' lang='lat' dir='ltr'><strong>sancto</strong></span> <span class='ocrx_word' id='word_1_58' title='bbox 1474 530 1614 599; x_wconf 83' lang='lat' dir='ltr'><strong>conjuncta</strong></span> <span class='ocrx_word' id='word_1_59' title='bbox 1632 532 1725 599; x_wconf 84' lang='lat' dir='ltr'><strong>pndnri</strong></span> 
     </span>
     <span class='ocr_line' id='line_1_18' title="bbox 1096 619 1776 692; baseline -0.009 -13"><span class='ocrx_word' id='word_1_60' title='bbox 1096 628 1185 692; x_wconf 75' lang='lat' dir='ltr'><strong>Agnes</strong></span> <span class='ocrx_word' id='word_1_61' title='bbox 1199 636 1309 677; x_wconf 91' lang='lat' dir='ltr'><strong>accensa</strong></span> <span class='ocrx_word' id='word_1_62' title='bbox 1328 623 1417 677; x_wconf 89' lang='lat' dir='ltr'><strong>studet</strong></span> <span class='ocrx_word' id='word_1_63' title='bbox 1428 619 1506 675; x_wconf 84' lang='lat' dir='ltr'><strong>chniu</strong></span> <span class='ocrx_word' id='word_1_64' title='bbox 1521 621 1641 689; x_wconf 77' lang='lat' dir='ltr'><strong>lnrrrpade</strong></span> <span class='ocrx_word' id='word_1_65' title='bbox 1660 623 1776 687; x_wconf 69' lang='lat' dir='ltr'><strong>etinisrn,</strong></span> 
     </span>
     <span class='ocr_line' id='line_1_19' title="bbox 1099 711 1815 783; baseline 0 -18"><span class='ocrx_word' id='word_1_66' title='bbox 1099 713 1249 783; x_wconf 74' lang='lat' dir='ltr'><strong>Virginibus</strong></span> <span class='ocrx_word' id='word_1_67' title='bbox 1271 713 1397 766; x_wconf 88' lang='lat' dir='ltr'><strong>comitata</strong></span> <span class='ocrx_word' id='word_1_68' title='bbox 1413 711 1473 780; x_wconf 83' lang='lat' dir='ltr'><strong>piis,</strong></span> <span class='ocrx_word' id='word_1_69' title='bbox 1496 713 1573 780; x_wconf 80' lang='lat' dir='ltr'>queis</span> <span class='ocrx_word' id='word_1_70' title='bbox 1588 713 1706 764; x_wconf 78' lang='lat' dir='ltr'>carmine</span> <span class='ocrx_word' id='word_1_71' title='bbox 1721 712 1815 766; x_wconf 85' lang='lat' dir='ltr'><strong>londes</strong></span> 
     </span>
     <span class='ocr_line' id='line_1_20' title="bbox 1097 800 1814 874; baseline -0.001 -14"><span class='ocrx_word' id='word_1_72' title='bbox 1097 803 1217 860; x_wconf 79' lang='lat' dir='ltr'>Concinit</span> <span class='ocrx_word' id='word_1_73' title='bbox 1229 804 1280 858; x_wconf 87' lang='lat' dir='ltr'><strong>iste</strong></span> <span class='ocrx_word' id='word_1_74' title='bbox 1292 803 1391 859; x_wconf 87' lang='lat' dir='ltr'><strong>choros</strong></span> <span class='ocrx_word' id='word_1_75' title='bbox 1407 804 1528 858; x_wconf 89' lang='lat' dir='ltr'><strong>recolens</strong></span> <span class='ocrx_word' id='word_1_76' title='bbox 1542 801 1583 872; x_wconf 85' lang='lat' dir='ltr'><strong>pin</strong></span> <span class='ocrx_word' id='word_1_77' title='bbox 1604 800 1672 856; x_wconf 86' lang='lat' dir='ltr'><strong>locta</strong></span> <span class='ocrx_word' id='word_1_78' title='bbox 1689 803 1814 874; x_wconf 83' lang='lat' dir='ltr'><strong>henigne.</strong></span> 
     </span>
    </p>
   </div>
   <div class='ocr_carea' id='block_1_4' title="bbox 1099 935 1743 1009">
    <p class='ocr_par' dir='ltr' id='par_1_4' title="bbox 1099 935 1743 1009">
     <span class='ocr_line' id='line_1_21' title="bbox 1099 935 1743 1009; baseline -0.006 -17"><span class='ocrx_word' id='word_1_79' title='bbox 1099 937 1163 993; x_wconf 83' lang='lat' dir='ltr'><strong>ilem</strong></span> <span class='ocrx_word' id='word_1_80' title='bbox 1177 948 1266 1009; x_wconf 79' lang='lat' dir='ltr'><strong>tropus</strong></span> <span class='ocrx_word' id='word_1_81' title='bbox 1281 936 1349 992; x_wconf 86' lang='lat' dir='ltr'><strong>olins</strong></span> <span class='ocrx_word' id='word_1_82' title='bbox 1371 936 1404 990; x_wconf 84' lang='lat' dir='ltr'><strong>de</strong></span> <span class='ocrx_word' id='word_1_83' title='bbox 1418 935 1615 991; x_wconf 80' lang='lat' dir='ltr'><strong>Resurrectione</strong></span> <span class='ocrx_word' id='word_1_84' title='bbox 1630 935 1743 990; x_wconf 85' lang='lat' dir='ltr'><strong>Dnmini.</strong></span> 
     </span>
    </p>
   </div>
   <div class='ocr_carea' id='block_1_5' title="bbox 1199 1073 1589 1416">
    <p class='ocr_par' dir='ltr' id='par_1_5' title="bbox 1199 1073 1589 1233">
     <span class='ocr_line' id='line_1_22' title="bbox 1199 1073 1589 1146; baseline -0.01 -15"><span class='ocrx_word' id='word_1_85' title='bbox 1199 1077 1330 1146; x_wconf 78' lang='lat' dir='ltr'>Exsurge,</span> <span class='ocrx_word' id='word_1_86' title='bbox 1351 1075 1448 1130; x_wconf 87' lang='lat' dir='ltr'><strong>ilector</strong></span> <span class='ocrx_word' id='word_1_87' title='bbox 1461 1073 1589 1144; x_wconf 70' lang='lat' dir='ltr'><strong>gentium,</strong></span> 
     </span>
     <span class='ocr_line' id='line_1_23' title="bbox 1201 1165 1549 1233; baseline -0.014 -12"><span class='ocrx_word' id='word_1_88' title='bbox 1201 1168 1256 1222; x_wconf 87' lang='lat' dir='ltr'><strong>Nec</strong></span> <span class='ocrx_word' id='word_1_89' title='bbox 1269 1167 1414 1221; x_wconf 86' lang='lat' dir='ltr'><strong>moriturus</strong></span> <span class='ocrx_word' id='word_1_90' title='bbox 1425 1165 1549 1233; x_wconf 81' lang='lat' dir='ltr'><strong>emplius,</strong></span> 
     </span>
    </p>

    <p class='ocr_par' dir='ltr' id='par_1_6' title="bbox 1199 1253 1589 1416">
     <span class='ocr_line' id='line_1_24' title="bbox 1199 1253 1574 1325; baseline -0.013 -13"><span class='ocrx_word' id='word_1_91' title='bbox 1199 1256 1350 1325; x_wconf 73' lang='lat' dir='ltr'>orbemque</span> <span class='ocrx_word' id='word_1_92' title='bbox 1366 1263 1450 1311; x_wconf 89' lang='lat' dir='ltr'><strong>tutum</strong></span> <span class='ocrx_word' id='word_1_93' title='bbox 1466 1253 1574 1325; x_wconf 80' lang='lat' dir='ltr'><strong>posside</strong></span> 
     </span>
     <span class='ocr_line' id='line_1_25' title="bbox 1201 1347 1589 1416; baseline -0.013 -12"><span class='ocrx_word' id='word_1_94' title='bbox 1201 1348 1257 1404; x_wconf 82' lang='lat' dir='ltr'><strong>Tun</strong></span> <span class='ocrx_word' id='word_1_95' title='bbox 1269 1347 1435 1416; x_wconf 90' lang='lat' dir='ltr'><strong>redemptum</strong></span> <span class='ocrx_word' id='word_1_96' title='bbox 1452 1347 1589 1415; x_wconf 77' lang='lat' dir='ltr'><strong>sangnine.</strong></span> 
     </span>
    </p>
   </div>
   <div class='ocr_carea' id='block_1_6' title="bbox 1077 1477 1759 1538">
    <p class='ocr_par' dir='ltr' id='par_1_7' title="bbox 1077 1477 1759 1538">
     <span class='ocr_line' id='line_1_26' title="bbox 1077 1477 1759 1538; baseline -0.004 -1"><span class='ocrx_word' id='word_1_97' title='bbox 1077 1482 1142 1538; x_wconf 77' lang='lat' dir='ltr'><strong>ltenr</strong></span> <span class='ocrx_word' id='word_1_98' title='bbox 1154 1500 1238 1538; x_wconf 78' lang='lat' dir='ltr'><strong>enses</strong></span> <span class='ocrx_word' id='word_1_99' title='bbox 1248 1482 1293 1537; x_wconf 83' lang='lat' dir='ltr'><strong>eiii</strong></span> <span class='ocrx_word' id='word_1_100' title='bbox 1305 1481 1470 1538; x_wconf 71' lang='lat' dir='ltr'><strong>vetustissimi</strong></span> <span class='ocrx_word' id='word_1_101' title='bbox 1489 1480 1520 1536; x_wconf 85' lang='lat' dir='ltr'><strong>de</strong></span> <span class='ocrx_word' id='word_1_102' title='bbox 1536 1490 1622 1533; x_wconf 82' lang='lat' dir='ltr'><strong>sonnrto</strong></span> <span class='ocrx_word' id='word_1_103' title='bbox 1636 1477 1759 1534; x_wconf 75' lang='lat' dir='ltr'><strong>liuthero.</strong></span> 
     </span>
    </p>
   </div>
   <div class='ocr_carea' id='block_1_7' title="bbox 183 1609 1760 1862">
    <p class='ocr_par' dir='ltr' id='par_1_8' title="bbox 183 1609 1760 1862">
     <span class='ocr_line' id='line_1_27' title="bbox 1024 1609 1642 1687; baseline -0.015 -16"><span class='ocrx_word' id='word_1_104' title='bbox 1024 1615 1124 1687; x_wconf 83' lang='lat' dir='ltr'><strong>Optans</strong></span> <span class='ocrx_word' id='word_1_105' title='bbox 1136 1614 1242 1671; x_wconf 80' lang='lat' dir='ltr'><strong>misceri</strong></span> <span class='ocrx_word' id='word_1_106' title='bbox 1258 1612 1389 1669; x_wconf 82' lang='lat' dir='ltr'><strong>Nntlterus</strong></span> <span class='ocrx_word' id='word_1_107' title='bbox 1401 1612 1427 1668; x_wconf 93' lang='lat' dir='ltr'><strong>in</strong></span> <span class='ocrx_word' id='word_1_108' title='bbox 1444 1613 1545 1668; x_wconf 71' lang='lat' dir='ltr'><strong>ethere</strong></span> <span class='ocrx_word' id='word_1_109' title='bbox 1562 1609 1642 1680; x_wconf 86' lang='lat' dir='ltr'><strong>plehi,</strong></span> 
     </span>
     <span class='ocr_line' id='line_1_28' title="bbox 1024 1701 1760 1778; baseline -0.012 -16"><span class='ocrx_word' id='word_1_110' title='bbox 1024 1707 1107 1778; x_wconf 81' lang='lat' dir='ltr'><strong>Cujus</strong></span> <span class='ocrx_word' id='word_1_111' title='bbox 1121 1708 1265 1762; x_wconf 70' lang='lat' dir='ltr'><strong>dulcisonis</strong></span> <span class='ocrx_word' id='word_1_112' title='bbox 1281 1720 1332 1759; x_wconf 84' lang='lat' dir='ltr'><strong>nox</strong></span> <span class='ocrx_word' id='word_1_113' title='bbox 1346 1717 1483 1774; x_wconf 85' lang='lat' dir='ltr'><strong>nonquam</strong></span> <span class='ocrx_word' id='word_1_114' title='bbox 1493 1711 1582 1758; x_wconf 86' lang='lat' dir='ltr'><strong>cessat</strong></span> <span class='ocrx_word' id='word_1_115' title='bbox 1594 1701 1628 1756; x_wconf 81' lang='lat' dir='ltr'><strong>eh</strong></span> <span class='ocrx_word' id='word_1_116' title='bbox 1643 1702 1760 1772; x_wconf 80' lang='lat' dir='ltr'><strong>hymnis,</strong></span> 
     </span>
     <span class='ocr_line' id='line_1_29' title="bbox 183 1773 1702 1862; baseline -0.014 5"><span class='ocrx_word' id='word_1_117' title='bbox 183 1787 310 1842; x_wconf 48' lang='lat' dir='ltr'><strong>&amp;mm</strong></span> <span class='ocrx_word' id='word_1_118' title='bbox 325 1788 357 1842; x_wconf 59' lang='grc' dir='ltr'><strong>α’</strong></span> <span class='ocrx_word' id='word_1_119' title='bbox 377 1799 466 1844; x_wconf 71' lang='lat'><strong>&#39;⁰¹¹⁶‘0</strong></span> <span class='ocrx_word' id='word_1_120' title='bbox 487 1788 619 1862; x_wconf 60' lang='lat' dir='ltr'><strong><em>⁸¹³?th</em></strong></span> <span class='ocrx_word' id='word_1_121' title='bbox 640 1793 820 1861; x_wconf 61' lang='lat' dir='ltr'><strong>lffllfledfflm·</strong></span> <span class='ocrx_word' id='word_1_122' title='bbox 837 1787 966 1858; x_wconf 50' lang='lat' dir='ltr'><strong>“mimi</strong></span> <span class='ocrx_word' id='word_1_123' title='bbox 986 1773 1123 1853; x_wconf 80' lang='lat' dir='ltr'><strong>BGaudio</strong></span> <span class='ocrx_word' id='word_1_124' title='bbox 1140 1799 1203 1853; x_wconf 93' lang='lat' dir='ltr'><strong>dmn</strong></span> <span class='ocrx_word' id='word_1_125' title='bbox 1219 1795 1294 1852; x_wconf 91' lang='lat' dir='ltr'><strong>licuit</strong></span> <span class='ocrx_word' id='word_1_126' title='bbox 1306 1796 1393 1852; x_wconf 89' lang='lat' dir='ltr'><strong>crucis</strong></span> <span class='ocrx_word' id='word_1_127' title='bbox 1404 1796 1454 1851; x_wconf 90' lang='lat' dir='ltr'><strong>hoc</strong></span> <span class='ocrx_word' id='word_1_128' title='bbox 1466 1794 1493 1850; x_wconf 91' lang='lat' dir='ltr'><strong>in</strong></span> <span class='ocrx_word' id='word_1_129' title='bbox 1506 1795 1624 1848; x_wconf 86' lang='lat' dir='ltr'><strong>carrrrine</strong></span> <span class='ocrx_word' id='word_1_130' title='bbox 1639 1793 1702 1846; x_wconf 89' lang='lat' dir='ltr'><strong>lnsit</strong></span> 
     </span>
    </p>
   </div>
   <div class='ocr_carea' id='block_1_8' title="bbox 216 1883 1728 1971">
    <p class='ocr_par' dir='ltr' id='par_1_9' title="bbox 216 1883 1728 1971">
     <span class='ocr_line' id='line_1_30' title="bbox 216 1883 1728 1971; baseline -0.005 -18"><span class='ocrx_word' id='word_1_131' title='bbox 216 1898 322 1953; x_wconf 89' lang='lat' dir='ltr'><strong>Priruus</strong></span> <span class='ocrx_word' id='word_1_132' title='bbox 334 1898 382 1955; x_wconf 89' lang='lat' dir='ltr'><strong>init</strong></span> <span class='ocrx_word' id='word_1_133' title='bbox 396 1899 547 1971; x_wconf 88' lang='lat' dir='ltr'><strong>Stephanus</strong></span> <span class='ocrx_word' id='word_1_134' title='bbox 566 1899 718 1958; x_wconf 73' lang='lat' dir='ltr'><strong>mercedem</strong></span> <span class='ocrx_word' id='word_1_135' title='bbox 730 1899 869 1971; x_wconf 72' lang='lat' dir='ltr'><strong>sanguinis</strong></span> <span class='ocrx_word' id='word_1_136' title='bbox 882 1899 969 1954; x_wconf 83' lang='lat' dir='ltr'><strong>imbro</strong></span> <span class='ocrx_word' id='word_1_137' title='bbox 1022 1888 1098 1959; x_wconf 62' lang='lat'><strong>0⁰00</strong></span> <span class='ocrx_word' id='word_1_138' title='bbox 1114 1889 1228 1944; x_wconf 73' lang='grc' dir='ltr'><strong>0011Ιὶ110</strong></span> <span class='ocrx_word' id='word_1_139' title='bbox 1242 1885 1324 1954; x_wconf 68' lang='lat' dir='ltr'><strong>liudi,</strong></span> <span class='ocrx_word' id='word_1_140' title='bbox 1340 1883 1470 1957; x_wconf 84' lang='lat' dir='ltr'><strong>Galioque</strong></span> <span class='ocrx_word' id='word_1_141' title='bbox 1483 1885 1608 1940; x_wconf 80' lang='lat' dir='ltr'><strong>studebat</strong></span> <span class='ocrx_word' id='word_1_142' title='bbox 1622 1884 1728 1940; x_wconf 69' lang='lat' dir='ltr'><strong>lionori-</strong></span> 
     </span>
    </p>
   </div>
   <div class='ocr_carea' id='block_1_9' title="bbox 183 1975 1682 2152">
    <p class='ocr_par' dir='ltr' id='par_1_10' title="bbox 183 1975 1682 2152">
     <span class='ocr_line' id='line_1_31' title="bbox 184 1975 1436 2060; baseline 0.005 -18"><span class='ocrx_word' id='word_1_143' title='bbox 184 1987 306 2043; x_wconf 80' lang='lat' dir='ltr'><strong>hillictus</strong></span> <span class='ocrx_word' id='word_1_144' title='bbox 321 1988 447 2060; x_wconf 87' lang='lat' dir='ltr'><strong>lapidum,</strong></span> <span class='ocrx_word' id='word_1_145' title='bbox 463 1990 600 2047; x_wconf 74' lang='lat' dir='ltr'><strong>Christum</strong></span> <span class='ocrx_word' id='word_1_146' title='bbox 614 2001 702 2047; x_wconf 67' lang='lat' dir='ltr'><strong>umen</strong></span> <span class='ocrx_word' id='word_1_147' title='bbox 716 1991 761 2046; x_wconf 88' lang='lat' dir='ltr'><strong>ilie</strong></span> <span class='ocrx_word' id='word_1_148' title='bbox 775 1998 904 2046; x_wconf 90' lang='lat' dir='ltr'><strong>cruentus</strong></span> <span class='ocrx_word' id='word_1_149' title='bbox 1402 1975 1436 2030; x_wconf 69' lang='lat' dir='ltr'><strong>E&#39;</strong></span> 
     </span>
     <span class='ocr_line' id='line_1_32' title="bbox 183 2062 1682 2152; baseline -0.01 -21"><span class='ocrx_word' id='word_1_150' title='bbox 183 2076 255 2135; x_wconf 91' lang='lat' dir='ltr'><strong>inter</strong></span> <span class='ocrx_word' id='word_1_151' title='bbox 270 2094 335 2134; x_wconf 83' lang='lat' dir='ltr'><strong>sura</strong></span> <span class='ocrx_word' id='word_1_152' title='bbox 351 2089 442 2150; x_wconf 74' lang='lat' dir='ltr'><strong>roget,</strong></span> <span class='ocrx_word' id='word_1_153' title='bbox 456 2095 490 2137; x_wconf 90' lang='lat' dir='ltr'><strong>ne</strong></span> <span class='ocrx_word' id='word_1_154' title='bbox 505 2082 540 2137; x_wconf 90' lang='lat' dir='ltr'><strong>sit</strong></span> <span class='ocrx_word' id='word_1_155' title='bbox 553 2081 680 2152; x_wconf 86' lang='lat' dir='ltr'><strong>lapidatio</strong></span> <span class='ocrx_word' id='word_1_156' title='bbox 694 2080 779 2136; x_wconf 77' lang='lat' dir='ltr'><strong>fraudi</strong></span> <span class='ocrx_word' id='word_1_157' title='bbox 1023 2068 1138 2125; x_wconf 82' lang='lat' dir='ltr'><strong>Plurima</strong></span> <span class='ocrx_word' id='word_1_158' title='bbox 1150 2066 1279 2124; x_wconf 78' lang='lat' dir='ltr'><strong>falsidicis</strong></span> <span class='ocrx_word' id='word_1_159' title='bbox 1292 2065 1403 2122; x_wconf 81' lang='lat' dir='ltr'><strong>indulsit</strong></span> <span class='ocrx_word' id='word_1_160' title='bbox 1418 2065 1487 2120; x_wconf 90' lang='lat' dir='ltr'><strong>llens</strong></span> <span class='ocrx_word' id='word_1_161' title='bbox 1501 2062 1626 2119; x_wconf 88' lang='lat' dir='ltr'><strong>inimicis.</strong></span> <span class='ocrx_word' id='word_1_162' title='bbox 1680 2074 1682 2076; x_wconf 81' lang='grc'><em>·</em></span> 
     </span>
    </p>
   </div>
   <div class='ocr_carea' id='block_1_10' title="bbox 184 2153 1706 2240">
    <p class='ocr_par' dir='ltr' id='par_1_11' title="bbox 184 2153 1706 2240">
     <span class='ocr_line' id='line_1_33' title="bbox 184 2153 1706 2240; baseline -0.012 -17"><span class='ocrx_word' id='word_1_163' title='bbox 184 2168 324 2233; x_wconf 76' lang='lat' dir='ltr'><strong>licelinus,</strong></span> <span class='ocrx_word' id='word_1_164' title='bbox 341 2185 356 2223; x_wconf 92' lang='lat' dir='ltr'>n</span> <span class='ocrx_word' id='word_1_165' title='bbox 372 2170 465 2238; x_wconf 67' lang='lat' dir='ltr'><strong>primae</strong></span> <span class='ocrx_word' id='word_1_166' title='bbox 480 2176 564 2240; x_wconf 84' lang='lat' dir='ltr'><strong>picas</strong></span> <span class='ocrx_word' id='word_1_167' title='bbox 575 2170 697 2226; x_wconf 79' lang='lat' dir='ltr'><strong>mirande</strong></span> <span class='ocrx_word' id='word_1_168' title='bbox 712 2171 835 2237; x_wconf 75' lang='lat' dir='ltr'><strong>corono!</strong></span> <span class='ocrx_word' id='word_1_169' title='bbox 1022 2158 1154 2228; x_wconf 71' lang='lat' dir='ltr'><strong>Plurarpne</strong></span> <span class='ocrx_word' id='word_1_170' title='bbox 1166 2157 1301 2230; x_wconf 85' lang='lat' dir='ltr'><strong>pandebat</strong></span> <span class='ocrx_word' id='word_1_171' title='bbox 1316 2156 1446 2225; x_wconf 78' lang='lat' dir='ltr'><strong>torennae</strong></span> <span class='ocrx_word' id='word_1_172' title='bbox 1462 2165 1574 2211; x_wconf 82' lang='lat' dir='ltr'><strong>uerutura</strong></span> <span class='ocrx_word' id='word_1_173' title='bbox 1589 2153 1706 2210; x_wconf 83' lang='lat' dir='ltr'><strong>ridebat.</strong></span> 
     </span>
    </p>
   </div>
   <div class='ocr_carea' id='block_1_11' title="bbox 179 2259 1007 5182">
    <p class='ocr_par' dir='ltr' id='par_1_12' title="bbox 179 2259 1007 5182">
     <span class='ocr_line' id='line_1_34' title="bbox 182 2259 968 2331; baseline -0.003 -15"><span class='ocrx_word' id='word_1_174' title='bbox 182 2259 221 2316; x_wconf 83' lang='lat' dir='ltr'><strong>En</strong></span> <span class='ocrx_word' id='word_1_175' title='bbox 230 2261 289 2315; x_wconf 83' lang='lat' dir='ltr'><strong>vice</strong></span> <span class='ocrx_word' id='word_1_176' title='bbox 304 2274 352 2313; x_wconf 80' lang='lat' dir='ltr'><strong>nm</strong></span> <span class='ocrx_word' id='word_1_177' title='bbox 360 2261 525 2331; x_wconf 70' lang='lat' dir='ltr'><strong>Stephanum</strong></span> <span class='ocrx_word' id='word_1_178' title='bbox 536 2261 677 2317; x_wconf 84' lang='lat' dir='ltr'><strong>Dominum</strong></span> <span class='ocrx_word' id='word_1_179' title='bbox 689 2260 819 2329; x_wconf 87' lang='lat' dir='ltr'><strong>pulsando</strong></span> <span class='ocrx_word' id='word_1_180' title='bbox 829 2274 968 2314; x_wconf 87' lang='lat' dir='ltr'><strong>conamus.</strong></span> 
     </span>
     <span class='ocr_line' id='line_1_35' title="bbox 216 2348 842 2423; baseline 0.008 -20"><span class='ocrx_word' id='word_1_181' title='bbox 216 2350 299 2420; x_wconf 65' lang='lat' dir='ltr'><strong>alpite.</strong></span> <span class='ocrx_word' id='word_1_182' title='bbox 311 2348 374 2405; x_wconf 72' lang='lat' dir='ltr'><strong>dnm</strong></span> <span class='ocrx_word' id='word_1_183' title='bbox 388 2355 502 2423; x_wconf 81' lang='lat' dir='ltr'><strong>seqnitur</strong></span> <span class='ocrx_word' id='word_1_184' title='bbox 516 2362 609 2407; x_wconf 81' lang='lat' dir='ltr'><strong>centos</strong></span> <span class='ocrx_word' id='word_1_185' title='bbox 617 2352 703 2408; x_wconf 80' lang='lat' dir='ltr'><strong>soluto</strong></span> <span class='ocrx_word' id='word_1_186' title='bbox 714 2357 842 2407; x_wconf 84' lang='lat' dir='ltr'><strong>oratione.</strong></span> 
     </span>
     <span class='ocr_line' id='line_1_36' title="bbox 288 2442 860 2517; baseline 0.012 -20"><span class='ocrx_word' id='word_1_187' title='bbox 288 2442 474 2517; x_wconf 80' lang='lat' dir='ltr'><strong>i&#39;rnpmennnn</strong></span> <span class='ocrx_word' id='word_1_188' title='bbox 487 2449 612 2504; x_wconf 77' lang='lat' dir='ltr'><strong>conmisit</strong></span> <span class='ocrx_word' id='word_1_189' title='bbox 624 2448 706 2502; x_wconf 83' lang='lat' dir='ltr'><strong>suncti</strong></span> <span class='ocrx_word' id='word_1_190' title='bbox 719 2446 860 2504; x_wconf 74' lang='lat' dir='ltr'><strong>delrionis.</strong></span> 
     </span>
     <span class='ocr_line' id='line_1_37' title="bbox 181 2532 968 2609; baseline 0.008 -21"><span class='ocrx_word' id='word_1_191' title='bbox 181 2532 238 2590; x_wconf 83' lang='lat' dir='ltr'><strong>ilex</strong></span> <span class='ocrx_word' id='word_1_192' title='bbox 252 2535 306 2604; x_wconf 90' lang='lat' dir='ltr'><strong>pie,</strong></span> <span class='ocrx_word' id='word_1_193' title='bbox 327 2537 383 2592; x_wconf 84' lang='lat' dir='ltr'><strong>iter</strong></span> <span class='ocrx_word' id='word_1_194' title='bbox 396 2553 498 2608; x_wconf 79' lang='lat' dir='ltr'><strong>regum,</strong></span> <span class='ocrx_word' id='word_1_195' title='bbox 513 2552 640 2609; x_wconf 75' lang='lat' dir='ltr'><strong>regnans,</strong></span> <span class='ocrx_word' id='word_1_196' title='bbox 654 2539 800 2607; x_wconf 84' lang='lat' dir='ltr'><strong>oChriste,</strong></span> <span class='ocrx_word' id='word_1_197' title='bbox 816 2555 862 2608; x_wconf 88' lang='lat' dir='ltr'><strong>per</strong></span> <span class='ocrx_word' id='word_1_198' title='bbox 882 2553 968 2594; x_wconf 79' lang='lat' dir='ltr'><strong>munim</strong></span> 
     </span>
     <span class='ocr_line' id='line_1_38' title="bbox 181 2623 915 2703; baseline 0.008 -24"><span class='ocrx_word' id='word_1_199' title='bbox 181 2623 232 2693; x_wconf 81' lang='lat' dir='ltr'><strong>Qui</strong></span> <span class='ocrx_word' id='word_1_200' title='bbox 246 2642 329 2695; x_wconf 88' lang='lat' dir='ltr'><strong>mare,</strong></span> <span class='ocrx_word' id='word_1_201' title='bbox 343 2631 387 2700; x_wconf 83' lang='lat' dir='ltr'><strong>qui</strong></span> <span class='ocrx_word' id='word_1_202' title='bbox 404 2639 498 2699; x_wconf 86' lang='lat' dir='ltr'><strong>terras,</strong></span> <span class='ocrx_word' id='word_1_203' title='bbox 515 2632 576 2688; x_wconf 83' lang='lat' dir='ltr'><strong>costi</strong></span> <span class='ocrx_word' id='word_1_204' title='bbox 586 2631 632 2701; x_wconf 82' lang='lat' dir='ltr'><strong>noi</strong></span> <span class='ocrx_word' id='word_1_205' title='bbox 650 2644 756 2703; x_wconf 84' lang='lat' dir='ltr'><strong>sceptra</strong></span> <span class='ocrx_word' id='word_1_206' title='bbox 770 2634 915 2703; x_wconf 71' lang='lat' dir='ltr'><strong>gubernes,</strong></span> 
     </span>
     <span class='ocr_line' id='line_1_39' title="bbox 182 2715 820 2795; baseline 0.011 -23"><span class='ocrx_word' id='word_1_207' title='bbox 182 2715 267 2772; x_wconf 80' lang='lat' dir='ltr'><strong>Noxia</strong></span> <span class='ocrx_word' id='word_1_208' title='bbox 280 2719 428 2788; x_wconf 89' lang='lat' dir='ltr'><strong>depellens,</strong></span> <span class='ocrx_word' id='word_1_209' title='bbox 443 2722 583 2795; x_wconf 87' lang='lat' dir='ltr'><strong>culparum</strong></span> <span class='ocrx_word' id='word_1_210' title='bbox 596 2723 688 2781; x_wconf 86' lang='lat' dir='ltr'><strong>dehita</strong></span> <span class='ocrx_word' id='word_1_211' title='bbox 703 2723 820 2789; x_wconf 78' lang='lat' dir='ltr'><strong>solvens,</strong></span> 
     </span>
     <span class='ocr_line' id='line_1_40' title="bbox 183 2811 862 2883; baseline 0.004 -17"><span class='ocrx_word' id='word_1_212' title='bbox 183 2811 234 2880; x_wconf 73' lang='lat' dir='ltr'><strong>Qui</strong></span> <span class='ocrx_word' id='word_1_213' title='bbox 248 2827 330 2883; x_wconf 88' lang='lat' dir='ltr'><strong>super</strong></span> <span class='ocrx_word' id='word_1_214' title='bbox 342 2822 413 2868; x_wconf 86' lang='lat' dir='ltr'><strong>astra</strong></span> <span class='ocrx_word' id='word_1_215' title='bbox 424 2815 512 2882; x_wconf 86' lang='lat' dir='ltr'><strong>sedes,</strong></span> <span class='ocrx_word' id='word_1_216' title='bbox 525 2815 596 2872; x_wconf 78' lang='lat' dir='ltr'><strong>Petri</strong></span> <span class='ocrx_word' id='word_1_217' title='bbox 611 2815 710 2871; x_wconf 83' lang='lat' dir='ltr'><strong>deitate</strong></span> <span class='ocrx_word' id='word_1_218' title='bbox 724 2816 862 2883; x_wconf 78' lang='lat' dir='ltr'><strong>cohaeres,</strong></span> 
     </span>
     <span class='ocr_line' id='line_1_41' title="bbox 183 2903 967 2980; baseline 0.008 -21"><span class='ocrx_word' id='word_1_219' title='bbox 183 2903 220 2959; x_wconf 84' lang='lat' dir='ltr'><strong>Es</strong></span> <span class='ocrx_word' id='word_1_220' title='bbox 232 2919 340 2975; x_wconf 81' lang='lat' dir='ltr'><strong>quoque</strong></span> <span class='ocrx_word' id='word_1_221' title='bbox 353 2920 443 2962; x_wconf 89' lang='lat' dir='ltr'><strong>sermo</strong></span> <span class='ocrx_word' id='word_1_222' title='bbox 458 2907 545 2965; x_wconf 82' lang='lat' dir='ltr'><strong>Patria</strong></span> <span class='ocrx_word' id='word_1_223' title='bbox 559 2909 676 2976; x_wconf 89' lang='lat' dir='ltr'><strong>summi,</strong></span> <span class='ocrx_word' id='word_1_224' title='bbox 692 2919 830 2980; x_wconf 86' lang='lat' dir='ltr'><strong>reparatur</strong></span> <span class='ocrx_word' id='word_1_225' title='bbox 844 2918 873 2964; x_wconf 92' lang='lat' dir='ltr'><strong>et</strong></span> <span class='ocrx_word' id='word_1_226' title='bbox 882 2908 967 2975; x_wconf 88' lang='lat' dir='ltr'><strong>nrhis,</strong></span> 
     </span>
     <span class='ocr_line' id='line_1_42' title="bbox 179 2994 935 3072; baseline 0.007 -22"><span class='ocrx_word' id='word_1_227' title='bbox 179 2994 250 3056; x_wconf 82' lang='lat' dir='ltr'><strong>Lux.</strong></span> <span class='ocrx_word' id='word_1_228' title='bbox 266 2998 322 3062; x_wconf 86' lang='lat' dir='ltr'><strong>via,</strong></span> <span class='ocrx_word' id='word_1_229' title='bbox 338 2997 403 3064; x_wconf 83' lang='lat' dir='ltr'><strong>rita,</strong></span> <span class='ocrx_word' id='word_1_230' title='bbox 417 2999 500 3066; x_wconf 81' lang='lat' dir='ltr'><strong>solos,</strong></span> <span class='ocrx_word' id='word_1_231' title='bbox 515 3015 589 3072; x_wconf 91' lang='lat' dir='ltr'><strong>spes,</strong></span> <span class='ocrx_word' id='word_1_232' title='bbox 605 3017 668 3070; x_wconf 83' lang='lat' dir='ltr'><strong>par,</strong></span> <span class='ocrx_word' id='word_1_233' title='bbox 684 2997 825 3071; x_wconf 82' lang='lat' dir='ltr'><strong>sapientis,</strong></span> <span class='ocrx_word' id='word_1_234' title='bbox 842 3001 935 3067; x_wconf 89' lang='lat' dir='ltr'><strong>virtus,</strong></span> 
     </span>
     <span class='ocr_line' id='line_1_43' title="bbox 179 3085 1007 3195; baseline 0.005 -54"><span class='ocrx_word' id='word_1_235' title='bbox 179 3085 228 3142; x_wconf 83' lang='lat' dir='ltr'><strong>ilic</strong></span> <span class='ocrx_word' id='word_1_236' title='bbox 242 3088 289 3144; x_wconf 90' lang='lat' dir='ltr'><strong>tihi</strong></span> <span class='ocrx_word' id='word_1_237' title='bbox 301 3090 360 3145; x_wconf 88' lang='lat' dir='ltr'><strong>lans</strong></span> <span class='ocrx_word' id='word_1_238' title='bbox 374 3101 491 3156; x_wconf 87' lang='lat' dir='ltr'><strong>resonet,</strong></span> <span class='ocrx_word' id='word_1_239' title='bbox 504 3093 603 3147; x_wconf 82' lang='lat' dir='ltr'><strong>chorus</strong></span> <span class='ocrx_word' id='word_1_240' title='bbox 618 3091 662 3148; x_wconf 90' lang='lat' dir='ltr'><strong>hic</strong></span> <span class='ocrx_word' id='word_1_241' title='bbox 678 3092 705 3147; x_wconf 95' lang='lat' dir='ltr'><strong>in</strong></span> <span class='ocrx_word' id='word_1_242' title='bbox 726 3091 803 3148; x_wconf 89' lang='lat' dir='ltr'><strong>lande</strong></span> <span class='ocrx_word' id='word_1_243' title='bbox 818 3091 940 3148; x_wconf 87' lang='lat' dir='ltr'><strong>resultet.</strong></span> <span class='ocrx_word' id='word_1_244' title='bbox 982 3132 1007 3195; x_wconf 70' lang='lat' dir='ltr'>c</span> 
     </span>
     <span class='ocr_line' id='line_1_44' title="bbox 454 3182 690 3274; baseline 0 -16"><span class='ocrx_word' id='word_1_245' title='bbox 454 3210 467 3240; x_wconf 85' lang='lat'><strong>¹</strong></span> <span class='ocrx_word' id='word_1_246' title='bbox 483 3200 520 3258; x_wconf 80' lang='lat' dir='ltr'><strong>De</strong></span> <span class='ocrx_word' id='word_1_247' title='bbox 532 3182 690 3274; x_wconf 74' lang='lat' dir='ltr'><strong>Epiphania.</strong></span> 
     </span>
     <span class='ocr_line' id='line_1_45' title="bbox 356 3291 719 3366; baseline 0.008 -19"><span class='ocrx_word' id='word_1_248' title='bbox 356 3291 453 3347; x_wconf 78' lang='lat' dir='ltr'><strong>&#39;fribus</strong></span> <span class='ocrx_word' id='word_1_249' title='bbox 467 3294 549 3364; x_wconf 74' lang='lat' dir='ltr'><strong>signis</strong></span> <span class='ocrx_word' id='word_1_250' title='bbox 563 3294 617 3349; x_wconf 82' lang='lat' dir='ltr'><strong>lieo</strong></span> <span class='ocrx_word' id='word_1_251' title='bbox 632 3295 719 3366; x_wconf 76' lang='lat' dir='ltr'><strong>dgnus</strong></span> 
     </span>
     <span class='ocr_line' id='line_1_46' title="bbox 318 3384 565 3453; baseline 0.016 -17"><span class='ocrx_word' id='word_1_252' title='bbox 318 3384 380 3439; x_wconf 82' lang='lat' dir='ltr'><strong>Dias</strong></span> <span class='ocrx_word' id='word_1_253' title='bbox 396 3384 446 3439; x_wconf 84' lang='lat' dir='ltr'><strong>ista</strong></span> <span class='ocrx_word' id='word_1_254' title='bbox 458 3385 565 3453; x_wconf 91' lang='lat' dir='ltr'><strong>colitur,</strong></span> 
     </span>
     <span class='ocr_line' id='line_1_47' title="bbox 319 3476 657 3551; baseline 0.009 -19"><span class='ocrx_word' id='word_1_255' title='bbox 319 3476 380 3533; x_wconf 80' lang='lat' dir='ltr'><strong>Tria</strong></span> <span class='ocrx_word' id='word_1_256' title='bbox 394 3479 471 3548; x_wconf 73' lang='lat' dir='ltr'><strong>signa</strong></span> <span class='ocrx_word' id='word_1_257' title='bbox 486 3479 564 3535; x_wconf 89' lang='lat' dir='ltr'><strong>lande</strong></span> <span class='ocrx_word' id='word_1_258' title='bbox 578 3479 657 3551; x_wconf 75' lang='lat' dir='ltr'><strong>digna</strong></span> 
     </span>
     <span class='ocr_line' id='line_1_48' title="bbox 318 3569 661 3646; baseline 0.009 -20"><span class='ocrx_word' id='word_1_259' title='bbox 318 3569 411 3628; x_wconf 82' lang='lat' dir='ltr'><strong>Coetus</strong></span> <span class='ocrx_word' id='word_1_260' title='bbox 424 3572 467 3629; x_wconf 90' lang='lat' dir='ltr'><strong>hie</strong></span> <span class='ocrx_word' id='word_1_261' title='bbox 481 3574 661 3646; x_wconf 70' lang='lat' dir='ltr'><strong>persensisset,</strong></span> 
     </span>
     <span class='ocr_line' id='line_1_49' title="bbox 318 3663 692 3737; baseline 0.013 -19"><span class='ocrx_word' id='word_1_262' title='bbox 318 3663 402 3719; x_wconf 83' lang='lat' dir='ltr'><strong>Stella</strong></span> <span class='ocrx_word' id='word_1_263' title='bbox 415 3679 507 3734; x_wconf 67' lang='lat' dir='ltr'><strong>magns</strong></span> <span class='ocrx_word' id='word_1_264' title='bbox 520 3665 596 3721; x_wconf 83' lang='lat' dir='ltr'><strong>drmit</strong></span> <span class='ocrx_word' id='word_1_265' title='bbox 612 3683 692 3737; x_wconf 71' lang='lat' dir='ltr'><strong>uagos</strong></span> 
     </span>
     <span class='ocr_line' id='line_1_50' title="bbox 317 3756 620 3826; baseline 0.02 -17"><span class='ocrx_word' id='word_1_266' title='bbox 317 3756 358 3810; x_wconf 81' lang='lat' dir='ltr'><strong>Ad</strong></span> <span class='ocrx_word' id='word_1_267' title='bbox 372 3772 491 3826; x_wconf 68' lang='lat' dir='ltr'><strong>praesepe</strong></span> <span class='ocrx_word' id='word_1_268' title='bbox 502 3757 620 3815; x_wconf 80' lang='lat' dir='ltr'><strong>Domini.</strong></span> 
     </span>
     <span class='ocr_line' id='line_1_51' title="bbox 354 3848 779 3920; baseline 0.002 -18"><span class='ocrx_word' id='word_1_269' title='bbox 354 3848 560 3919; x_wconf 70' lang='lat' dir='ltr'><strong>Conigaudentes</strong></span> <span class='ocrx_word' id='word_1_270' title='bbox 576 3863 670 3904; x_wconf 84' lang='lat' dir='ltr'><strong>onnrres</strong></span> <span class='ocrx_word' id='word_1_271' title='bbox 684 3857 779 3920; x_wconf 80' lang='lat' dir='ltr'><strong>gentes</strong></span> 
     </span>
     <span class='ocr_line' id='line_1_52' title="bbox 318 3939 641 4012; baseline 0.003 -17"><span class='ocrx_word' id='word_1_272' title='bbox 318 3939 384 4010; x_wconf 77' lang='lat' dir='ltr'><strong>iiim</strong></span> <span class='ocrx_word' id='word_1_273' title='bbox 398 3942 513 4012; x_wconf 83' lang='lat' dir='ltr'><strong>psallant</strong></span> <span class='ocrx_word' id='word_1_274' title='bbox 527 3944 641 4009; x_wconf 90' lang='lat' dir='ltr'><strong>nomini,</strong></span> 
     </span>
     <span class='ocr_line' id='line_1_53' title="bbox 318 4032 734 4105; baseline -0.005 -16"><span class='ocrx_word' id='word_1_275' title='bbox 318 4034 420 4089; x_wconf 80' lang='lat' dir='ltr'><strong>Nouum</strong></span> <span class='ocrx_word' id='word_1_276' title='bbox 436 4034 546 4100; x_wconf 91' lang='lat' dir='ltr'><strong>mirum,</strong></span> <span class='ocrx_word' id='word_1_277' title='bbox 559 4050 628 4105; x_wconf 77' lang='lat' dir='ltr'><strong>oqrra</strong></span> <span class='ocrx_word' id='word_1_278' title='bbox 645 4032 734 4091; x_wconf 82' lang='lat' dir='ltr'><strong>sinum</strong></span> 
     </span>
     <span class='ocr_line' id='line_1_54' title="bbox 195 4122 666 4193; baseline 0 -15"><span class='ocrx_word' id='word_1_279' title='bbox 195 4166 201 4178; x_wconf 91' lang='lat'><strong>.</strong></span> <span class='ocrx_word' id='word_1_280' title='bbox 317 4122 428 4180; x_wconf 78' lang='lat' dir='ltr'><strong>Factum</strong></span> <span class='ocrx_word' id='word_1_281' title='bbox 444 4134 486 4180; x_wconf 84' lang='lat' dir='ltr'><strong>est</strong></span> <span class='ocrx_word' id='word_1_282' title='bbox 501 4125 535 4181; x_wconf 92' lang='lat' dir='ltr'><strong>ad</strong></span> <span class='ocrx_word' id='word_1_283' title='bbox 547 4125 666 4193; x_wconf 85' lang='lat' dir='ltr'><strong>nuptias,</strong></span> 
     </span>
     <span class='ocr_line' id='line_1_55' title="bbox 318 4213 769 4278; baseline -0.002 -8"><span class='ocrx_word' id='word_1_284' title='bbox 318 4213 432 4270; x_wconf 78' lang='lat' dir='ltr'><strong>liundos</strong></span> <span class='ocrx_word' id='word_1_285' title='bbox 447 4215 544 4278; x_wconf 90' lang='lat' dir='ltr'><strong>credit,</strong></span> <span class='ocrx_word' id='word_1_286' title='bbox 557 4215 680 4270; x_wconf 80' lang='lat' dir='ltr'><strong>Christus</strong></span> <span class='ocrx_word' id='word_1_287' title='bbox 695 4215 769 4271; x_wconf 80' lang='lat' dir='ltr'><strong>dedit</strong></span> 
     </span>
     <span class='ocr_line' id='line_1_56' title="bbox 318 4304 619 4374; baseline 0.007 -14"><span class='ocrx_word' id='word_1_288' title='bbox 318 4304 461 4374; x_wconf 74' lang='lat' dir='ltr'><strong>signorum</strong></span> <span class='ocrx_word' id='word_1_289' title='bbox 477 4306 619 4374; x_wconf 89' lang='lat' dir='ltr'><strong>primitias.</strong></span> 
     </span>
     <span class='ocr_line' id='line_1_57' title="bbox 355 4382 723 4454; baseline 0.019 -7"><span class='ocrx_word' id='word_1_290' title='bbox 355 4391 670 4454; x_wconf 74' lang='lat' dir='ltr'><strong>Aloanneinlordans</strong></span> <span class='ocrx_word' id='word_1_291' title='bbox 717 4382 723 4395; x_wconf 61' lang='lat'>⁸</span> 
     </span>
     <span class='ocr_line' id='line_1_58' title="bbox 317 4480 664 4556; baseline 0.014 -18"><span class='ocrx_word' id='word_1_292' title='bbox 317 4480 440 4540; x_wconf 87' lang='lat' dir='ltr'><strong>Christos</strong></span> <span class='ocrx_word' id='word_1_293' title='bbox 452 4487 602 4554; x_wconf 80' lang='lat' dir='ltr'><strong>baptizatus</strong></span> <span class='ocrx_word' id='word_1_294' title='bbox 612 4500 664 4556; x_wconf 90' lang='lat' dir='ltr'><strong>est,</strong></span> 
     </span>
     <span class='ocr_line' id='line_1_59' title="bbox 322 4579 696 4637; baseline 0.011 -3"><span class='ocrx_word' id='word_1_295' title='bbox 322 4579 398 4635; x_wconf 82' lang='lat' dir='ltr'><strong>Unde</strong></span> <span class='ocrx_word' id='word_1_296' title='bbox 413 4579 482 4635; x_wconf 90' lang='lat' dir='ltr'><strong>lotos</strong></span> <span class='ocrx_word' id='word_1_297' title='bbox 497 4581 612 4637; x_wconf 89' lang='lat' dir='ltr'><strong>mundos</strong></span> <span class='ocrx_word' id='word_1_298' title='bbox 624 4592 696 4637; x_wconf 89' lang='lat' dir='ltr'><strong>totns</strong></span> 
     </span>
     <span class='ocr_line' id='line_1_60' title="bbox 322 4669 594 4740; baseline 0.007 -15"><span class='ocrx_word' id='word_1_299' title='bbox 322 4669 355 4725; x_wconf 86' lang='grc' dir='ltr'><strong>Ει</strong></span> <span class='ocrx_word' id='word_1_300' title='bbox 369 4670 524 4740; x_wconf 86' lang='lat' dir='ltr'><strong>purilicotns</strong></span> <span class='ocrx_word' id='word_1_301' title='bbox 535 4677 594 4733; x_wconf 81' lang='lat' dir='ltr'><strong>est:</strong></span> 
     </span>
     <span class='ocr_line' id='line_1_61' title="bbox 316 4760 730 4834; baseline 0.012 -19"><span class='ocrx_word' id='word_1_302' title='bbox 316 4760 423 4826; x_wconf 87' lang='lat' dir='ltr'><strong>Lector,</strong></span> <span class='ocrx_word' id='word_1_303' title='bbox 434 4762 500 4831; x_wconf 75' lang='lat' dir='ltr'><strong>lege.</strong></span> <span class='ocrx_word' id='word_1_304' title='bbox 513 4764 536 4817; x_wconf 87' lang='lat' dir='ltr'><strong>tl</strong></span> <span class='ocrx_word' id='word_1_305' title='bbox 549 4776 656 4818; x_wconf 90' lang='lat' dir='ltr'><strong>sunnon</strong></span> <span class='ocrx_word' id='word_1_306' title='bbox 667 4778 730 4834; x_wconf 68' lang='lat' dir='ltr'><strong>rego</strong></span> 
     </span>
     <span class='ocr_line' id='line_1_62' title="bbox 320 4852 544 4909; baseline 0.004 -2"><span class='ocrx_word' id='word_1_307' title='bbox 320 4852 544 4909; x_wconf 84' lang='lat' dir='ltr'><strong>&#39;l&#39;ihihenedictin</strong></span> 
     </span>
     <span class='ocr_line' id='line_1_63' title="bbox 322 4940 701 5013; baseline 0.005 -15"><span class='ocrx_word' id='word_1_308' title='bbox 322 4940 380 5008; x_wconf 88' lang='lat' dir='ltr'><strong>sn;</strong></span> <span class='ocrx_word' id='word_1_309' title='bbox 396 4941 422 4998; x_wconf 88' lang='lat' dir='ltr'><strong>in</strong></span> <span class='ocrx_word' id='word_1_310' title='bbox 433 4941 509 5000; x_wconf 82' lang='lat' dir='ltr'><strong>caetis</strong></span> <span class='ocrx_word' id='word_1_311' title='bbox 523 4943 598 5013; x_wconf 86' lang='lat' dir='ltr'><strong>plebs</strong></span> <span class='ocrx_word' id='word_1_312' title='bbox 614 4943 701 5000; x_wconf 87' lang='lat' dir='ltr'><strong>lidelit</strong></span> 
     </span>
     <span class='ocr_line' id='line_1_64' title="bbox 324 5033 643 5105; baseline 0.009 -17"><span class='ocrx_word' id='word_1_313' title='bbox 324 5033 421 5089; x_wconf 83' lang='lat' dir='ltr'><strong>Paullus</strong></span> <span class='ocrx_word' id='word_1_314' title='bbox 434 5047 496 5091; x_wconf 77' lang='lat' dir='ltr'><strong>erm</strong></span> <span class='ocrx_word' id='word_1_315' title='bbox 514 5034 643 5105; x_wconf 85' lang='lat' dir='ltr'><strong>tripudio.</strong></span> 
     </span>
     <span class='ocr_line' id='line_1_65' title="bbox 357 5130 453 5182; baseline -0.01 0"><span class='ocrx_word' id='word_1_316' title='bbox 357 5130 453 5182; x_wconf 81' lang='lat' dir='ltr'><strong>Arnen.</strong></span> 
     </span>
    </p>
   </div>
   <div class='ocr_carea' id='block_1_12' title="bbox 303 5241 842 5317">
    <p class='ocr_par' dir='ltr' id='par_1_13' title="bbox 303 5241 842 5317">
     <span class='ocr_line' id='line_1_66' title="bbox 303 5241 842 5317; baseline 0.009 -23"><span class='ocrx_word' id='word_1_317' title='bbox 303 5241 486 5317; x_wconf 76' lang='lat' dir='ltr'><strong>Frnpmentnm</strong></span> <span class='ocrx_word' id='word_1_318' title='bbox 501 5243 533 5298; x_wconf 80' lang='lat' dir='ltr'><strong>de</strong></span> <span class='ocrx_word' id='word_1_319' title='bbox 545 5242 695 5310; x_wconf 78' lang='lat' dir='ltr'><strong>dotrinae,</strong></span> <span class='ocrx_word' id='word_1_320' title='bbox 708 5245 842 5316; x_wconf 79' lang='lat' dir='ltr'><strong>enorrpnri.</strong></span> 
     </span>
    </p>
   </div>
   <div class='ocr_carea' id='block_1_13' title="bbox 247 5353 703 5703">
    <p class='ocr_par' dir='ltr' id='par_1_14' title="bbox 247 5353 703 5703">
     <span class='ocr_line' id='line_1_67' title="bbox 251 5353 681 5424; baseline 0.005 -15"><span class='ocrx_word' id='word_1_321' title='bbox 251 5353 401 5410; x_wconf 82' lang='lat' dir='ltr'><strong>Laudemus</strong></span> <span class='ocrx_word' id='word_1_322' title='bbox 414 5367 508 5412; x_wconf 85' lang='lat' dir='ltr'><strong>ortrnes</strong></span> <span class='ocrx_word' id='word_1_323' title='bbox 523 5356 681 5424; x_wconf 80' lang='lat' dir='ltr'><strong>Dominum,</strong></span> 
     </span>
     <span class='ocr_line' id='line_1_68' title="bbox 247 5443 608 5516; baseline 0.011 -18"><span class='ocrx_word' id='word_1_324' title='bbox 247 5443 297 5513; x_wconf 85' lang='lat' dir='ltr'><strong>Qut</strong></span> <span class='ocrx_word' id='word_1_325' title='bbox 311 5444 426 5516; x_wconf 71' lang='lat' dir='ltr'><strong>Virginis</strong></span> <span class='ocrx_word' id='word_1_326' title='bbox 442 5461 488 5516; x_wconf 85' lang='lat' dir='ltr'><strong>per</strong></span> <span class='ocrx_word' id='word_1_327' title='bbox 502 5459 608 5502; x_wconf 88' lang='lat' dir='ltr'><strong>uterum</strong></span> 
     </span>
     <span class='ocr_line' id='line_1_69' title="bbox 250 5532 660 5598; baseline 0.015 -11"><span class='ocrx_word' id='word_1_328' title='bbox 250 5532 350 5591; x_wconf 80' lang='lat' dir='ltr'><strong>lemos</strong></span> <span class='ocrx_word' id='word_1_329' title='bbox 363 5537 389 5591; x_wconf 94' lang='lat' dir='ltr'><strong>in</strong></span> <span class='ocrx_word' id='word_1_330' title='bbox 403 5537 531 5594; x_wconf 90' lang='lat' dir='ltr'><strong>mundum</strong></span> <span class='ocrx_word' id='word_1_331' title='bbox 548 5547 660 5598; x_wconf 72' lang='lat' dir='ltr'><strong>inierat</strong></span> 
     </span>
     <span class='ocr_line' id='line_1_70' title="bbox 251 5627 703 5703; baseline 0.011 -21"><span class='ocrx_word' id='word_1_332' title='bbox 251 5627 376 5685; x_wconf 81' lang='lat' dir='ltr'><strong>Mundum</strong></span> <span class='ocrx_word' id='word_1_333' title='bbox 392 5645 485 5701; x_wconf 76' lang='lat' dir='ltr'><strong>regens</strong></span> <span class='ocrx_word' id='word_1_334' title='bbox 499 5647 577 5703; x_wconf 83' lang='lat' dir='ltr'><strong>quem</strong></span> <span class='ocrx_word' id='word_1_335' title='bbox 591 5631 703 5689; x_wconf 89' lang='lat' dir='ltr'><strong>lecerat.</strong></span> 
     </span>
    </p>
   </div>
   <div class='ocr_carea' id='block_1_14' title="bbox 1199 2286 1632 2356">
    <p class='ocr_par' dir='ltr' id='par_1_15' title="bbox 1199 2286 1632 2356">
     <span class='ocr_line' id='line_1_71' title="bbox 1199 2286 1632 2356; baseline -0.009 -13"><span class='ocrx_word' id='word_1_336' title='bbox 1199 2288 1237 2343; x_wconf 80' lang='lat' dir='ltr'><strong>lte</strong></span> <span class='ocrx_word' id='word_1_337' title='bbox 1250 2299 1338 2343; x_wconf 81' lang='lat' dir='ltr'><strong>mnctn</strong></span> <span class='ocrx_word' id='word_1_338' title='bbox 1352 2286 1455 2342; x_wconf 70' lang='lat' dir='ltr'><strong>Ioanne</strong></span> <span class='ocrx_word' id='word_1_339' title='bbox 1468 2286 1632 2356; x_wconf 77' lang='lat' dir='ltr'><strong>ennnnpelista.</strong></span> 
     </span>
    </p>
   </div>
   <div class='ocr_carea' id='block_1_15' title="bbox 1194 2420 1670 5675">
    <p class='ocr_par' dir='ltr' id='par_1_16' title="bbox 1194 2420 1576 3220">
     <span class='ocr_line' id='line_1_72' title="bbox 1201 2420 1571 2492; baseline -0.005 -14"><span class='ocrx_word' id='word_1_340' title='bbox 1201 2422 1240 2478; x_wconf 81' lang='lat' dir='ltr'><strong>td</strong></span> <span class='ocrx_word' id='word_1_341' title='bbox 1255 2421 1372 2476; x_wconf 86' lang='lat' dir='ltr'><strong>Laudem</strong></span> <span class='ocrx_word' id='word_1_342' title='bbox 1386 2420 1467 2491; x_wconf 74' lang='lat' dir='ltr'><strong>iiegis</strong></span> <span class='ocrx_word' id='word_1_343' title='bbox 1477 2420 1571 2492; x_wconf 72' lang='lat' dir='ltr'><strong>pinsite</strong></span> 
     </span>
     <span class='ocr_line' id='line_1_73' title="bbox 1200 2511 1530 2579; baseline 0 -13"><span class='ocrx_word' id='word_1_344' title='bbox 1200 2511 1259 2567; x_wconf 81' lang='lat' dir='ltr'><strong>Vos</strong></span> <span class='ocrx_word' id='word_1_345' title='bbox 1275 2512 1379 2566; x_wconf 86' lang='lat' dir='ltr'><strong>intonet</strong></span> <span class='ocrx_word' id='word_1_346' title='bbox 1394 2512 1530 2579; x_wconf 75' lang='lat' dir='ltr'><strong>Ecclesia,</strong></span> 
     </span>
     <span class='ocr_line' id='line_1_74' title="bbox 1200 2601 1544 2673; baseline -0.006 -15"><span class='ocrx_word' id='word_1_347' title='bbox 1200 2603 1313 2673; x_wconf 78' lang='lat' dir='ltr'><strong>Propter</strong></span> <span class='ocrx_word' id='word_1_348' title='bbox 1326 2601 1439 2658; x_wconf 81' lang='lat' dir='ltr'><strong>loannis</strong></span> <span class='ocrx_word' id='word_1_349' title='bbox 1451 2603 1544 2658; x_wconf 83' lang='lat' dir='ltr'><strong>merita</strong></span> 
     </span>
     <span class='ocr_line' id='line_1_75' title="bbox 1199 2694 1548 2765; baseline -0.003 -16"><span class='ocrx_word' id='word_1_350' title='bbox 1199 2695 1263 2750; x_wconf 89' lang='lat' dir='ltr'><strong>lhec</strong></span> <span class='ocrx_word' id='word_1_351' title='bbox 1277 2694 1393 2750; x_wconf 77' lang='lat' dir='ltr'><strong>recitans</strong></span> <span class='ocrx_word' id='word_1_352' title='bbox 1406 2694 1548 2765; x_wconf 80' lang='lat' dir='ltr'><strong>praeconia.</strong></span> 
     </span>
     <span class='ocr_line' id='line_1_76' title="bbox 1200 2785 1576 2841; baseline 0 0"><span class='ocrx_word' id='word_1_353' title='bbox 1200 2785 1386 2841; x_wconf 84' lang='lat' dir='ltr'><strong>Proclamahat</strong></span> <span class='ocrx_word' id='word_1_354' title='bbox 1399 2785 1576 2841; x_wconf 86' lang='lat' dir='ltr'><strong>saluberrime</strong></span> 
     </span>
     <span class='ocr_line' id='line_1_77' title="bbox 1194 2874 1556 2947; baseline -0.011 -14"><span class='ocrx_word' id='word_1_355' title='bbox 1194 2877 1311 2947; x_wconf 89' lang='lat' dir='ltr'><strong>Spiritus</strong></span> <span class='ocrx_word' id='word_1_356' title='bbox 1326 2876 1412 2931; x_wconf 90' lang='lat' dir='ltr'><strong>saocti</strong></span> <span class='ocrx_word' id='word_1_357' title='bbox 1426 2874 1556 2942; x_wconf 90' lang='lat' dir='ltr'><strong>carmine,</strong></span> 
     </span>
     <span class='ocr_line' id='line_1_78' title="bbox 1198 2965 1571 3036; baseline 0.005 -17"><span class='ocrx_word' id='word_1_358' title='bbox 1198 2968 1283 3034; x_wconf 74' lang='lat' dir='ltr'><strong>Qnam</strong></span> <span class='ocrx_word' id='word_1_359' title='bbox 1297 2966 1391 3022; x_wconf 89' lang='lat' dir='ltr'><strong>lideles</strong></span> <span class='ocrx_word' id='word_1_360' title='bbox 1405 2965 1571 3036; x_wconf 89' lang='lat' dir='ltr'><strong>perpendite.</strong></span> 
     </span>
     <span class='ocr_line' id='line_1_79' title="bbox 1199 3055 1482 3127; baseline -0.007 -16"><span class='ocrx_word' id='word_1_361' title='bbox 1199 3059 1232 3112; x_wconf 81' lang='lat' dir='ltr'><strong>lit</strong></span> <span class='ocrx_word' id='word_1_362' title='bbox 1247 3057 1376 3127; x_wconf 87' lang='lat' dir='ltr'><strong>percipiat</strong></span> <span class='ocrx_word' id='word_1_363' title='bbox 1386 3055 1482 3127; x_wconf 76' lang='lat' dir='ltr'><strong>gaudis</strong></span> 
     </span>
     <span class='ocr_line' id='line_1_80' title="bbox 1196 3150 1511 3220; baseline -0.013 -15"><span class='ocrx_word' id='word_1_364' title='bbox 1196 3151 1350 3207; x_wconf 78' lang='lat' dir='ltr'><strong>conditoris</strong></span> <span class='ocrx_word' id='word_1_365' title='bbox 1362 3150 1488 3220; x_wconf 88' lang='lat' dir='ltr'><strong>perennia</strong></span> <span class='ocrx_word' id='word_1_366' title='bbox 1504 3168 1511 3201; x_wconf 89' lang='lat'>:</span> 
     </span>
    </p>

    <p class='ocr_par' dir='ltr' id='par_1_17' title="bbox 1200 3240 1600 3584">
     <span class='ocr_line' id='line_1_81' title="bbox 1243 3240 1600 3312; baseline -0.008 -16"><span class='ocrx_word' id='word_1_367' title='bbox 1243 3243 1274 3296; x_wconf 81' lang='lat' dir='ltr'><strong>la&#39;t</strong></span> <span class='ocrx_word' id='word_1_368' title='bbox 1288 3243 1332 3312; x_wconf 80' lang='lat' dir='ltr'><strong>qni</strong></span> <span class='ocrx_word' id='word_1_369' title='bbox 1345 3240 1476 3296; x_wconf 79' lang='lat' dir='ltr'><strong>continens</strong></span> <span class='ocrx_word' id='word_1_370' title='bbox 1485 3249 1533 3304; x_wconf 81' lang='lat' dir='ltr'><strong>est,</strong></span> <span class='ocrx_word' id='word_1_371' title='bbox 1546 3247 1600 3293; x_wconf 79' lang='lat' dir='ltr'><strong>etc.</strong></span> 
     </span>
     <span class='ocr_line' id='line_1_82' title="bbox 1203 3333 1536 3403; baseline -0.003 -18"><span class='ocrx_word' id='word_1_372' title='bbox 1203 3336 1269 3403; x_wconf 77' lang='lat' dir='ltr'><strong>Qnia</strong></span> <span class='ocrx_word' id='word_1_373' title='bbox 1285 3333 1372 3390; x_wconf 91' lang='lat' dir='ltr'><strong>dulcis</strong></span> <span class='ocrx_word' id='word_1_374' title='bbox 1386 3341 1426 3388; x_wconf 90' lang='lat' dir='ltr'><strong>est</strong></span> <span class='ocrx_word' id='word_1_375' title='bbox 1441 3333 1536 3403; x_wconf 76' lang='lat' dir='ltr'><strong>pratia,</strong></span> 
     </span>
     <span class='ocr_line' id='line_1_83' title="bbox 1201 3421 1503 3488; baseline -0.023 -6"><span class='ocrx_word' id='word_1_376' title='bbox 1201 3424 1296 3482; x_wconf 80' lang='lat' dir='ltr'><strong>Suraris</strong></span> <span class='ocrx_word' id='word_1_377' title='bbox 1309 3421 1503 3488; x_wconf 82' lang='lat' dir='ltr'><strong>misericordia,</strong></span> 
     </span>
     <span class='ocr_line' id='line_1_84' title="bbox 1200 3512 1477 3584; baseline -0.014 -12"><span class='ocrx_word' id='word_1_378' title='bbox 1200 3516 1325 3572; x_wconf 81' lang='lat' dir='ltr'><strong>iiiruhiiis</strong></span> <span class='ocrx_word' id='word_1_379' title='bbox 1339 3515 1366 3570; x_wconf 94' lang='lat' dir='ltr'><strong>in</strong></span> <span class='ocrx_word' id='word_1_380' title='bbox 1380 3512 1477 3584; x_wconf 79' lang='lat' dir='ltr'><strong>gloria.</strong></span> 
     </span>
    </p>

    <p class='ocr_par' dir='ltr' id='par_1_18' title="bbox 1198 3606 1591 3848">
     <span class='ocr_line' id='line_1_85' title="bbox 1248 3606 1591 3675; baseline -0.023 -11"><span class='ocrx_word' id='word_1_381' title='bbox 1248 3607 1346 3664; x_wconf 82' lang='lat' dir='ltr'><strong>Cidarit</strong></span> <span class='ocrx_word' id='word_1_382' title='bbox 1362 3606 1434 3662; x_wconf 81' lang='lat' dir='ltr'><strong>ilium</strong></span> <span class='ocrx_word' id='word_1_383' title='bbox 1447 3619 1525 3675; x_wconf 70' lang='lat' dir='ltr'><strong>pene,</strong></span> <span class='ocrx_word' id='word_1_384' title='bbox 1537 3613 1591 3658; x_wconf 84' lang='lat' dir='ltr'><strong>etc.</strong></span> 
     </span>
     <span class='ocr_line' id='line_1_86' title="bbox 1200 3695 1584 3768; baseline -0.021 -12"><span class='ocrx_word' id='word_1_385' title='bbox 1200 3701 1269 3756; x_wconf 88' lang='lat' dir='ltr'><strong>llum</strong></span> <span class='ocrx_word' id='word_1_386' title='bbox 1281 3715 1361 3768; x_wconf 84' lang='lat' dir='ltr'><strong>supra</strong></span> <span class='ocrx_word' id='word_1_387' title='bbox 1374 3707 1467 3766; x_wconf 90' lang='lat' dir='ltr'><strong>pectus</strong></span> <span class='ocrx_word' id='word_1_388' title='bbox 1481 3695 1584 3751; x_wconf 81' lang='lat' dir='ltr'><strong>[lumini</strong></span> 
     </span>
     <span class='ocr_line' id='line_1_87' title="bbox 1198 3788 1519 3848; baseline -0.016 -1"><span class='ocrx_word' id='word_1_389' title='bbox 1198 3791 1376 3848; x_wconf 89' lang='lat' dir='ltr'><strong>llecunrberet</strong></span> <span class='ocrx_word' id='word_1_390' title='bbox 1386 3788 1519 3844; x_wconf 82' lang='lat' dir='ltr'><strong>altissimi.</strong></span> 
     </span>
    </p>

    <p class='ocr_par' dir='ltr' id='par_1_19' title="bbox 1200 3882 1590 4228">
     <span class='ocr_line' id='line_1_88' title="bbox 1252 3882 1590 3953; baseline -0.009 -15"><span class='ocrx_word' id='word_1_391' title='bbox 1252 3885 1285 3938; x_wconf 73' lang='lat' dir='ltr'><strong>Et</strong></span> <span class='ocrx_word' id='word_1_392' title='bbox 1299 3898 1367 3953; x_wconf 72' lang='lat' dir='ltr'><strong>oeno</strong></span> <span class='ocrx_word' id='word_1_393' title='bbox 1380 3882 1521 3951; x_wconf 76' lang='lat' dir='ltr'><strong>sapientie,</strong></span> <span class='ocrx_word' id='word_1_394' title='bbox 1536 3893 1590 3937; x_wconf 89' lang='lat' dir='ltr'><strong>ete.</strong></span> 
     </span>
     <span class='ocr_line' id='line_1_89' title="bbox 1202 3956 1497 4045; baseline -0.007 -13"><span class='ocrx_word' id='word_1_395' title='bbox 1202 3977 1236 4032; x_wconf 82' lang='lat' dir='ltr'><strong>on</strong></span> <span class='ocrx_word' id='word_1_396' title='bbox 1246 3956 1365 4045; x_wconf 68' lang='lat' dir='ltr'><strong>parrum</strong></span> <span class='ocrx_word' id='word_1_397' title='bbox 1380 3974 1497 4030; x_wconf 64' lang='lat' dir='ltr'><strong>nunnius</strong></span> 
     </span>
     <span class='ocr_line' id='line_1_90' title="bbox 1201 4064 1575 4123; baseline -0.019 0"><span class='ocrx_word' id='word_1_398' title='bbox 1201 4068 1300 4123; x_wconf 86' lang='lat' dir='ltr'><strong>&#39;lotum</strong></span> <span class='ocrx_word' id='word_1_399' title='bbox 1312 4066 1405 4121; x_wconf 90' lang='lat' dir='ltr'><strong>orhem</strong></span> <span class='ocrx_word' id='word_1_400' title='bbox 1418 4064 1575 4122; x_wconf 75' lang='lat' dir='ltr'><strong>coelestibus</strong></span> 
     </span>
     <span class='ocr_line' id='line_1_91' title="bbox 1200 4155 1517 4228; baseline -0.013 -15"><span class='ocrx_word' id='word_1_401' title='bbox 1200 4158 1325 4228; x_wconf 76' lang='lat' dir='ltr'><strong>irrigaret</strong></span> <span class='ocrx_word' id='word_1_402' title='bbox 1335 4155 1517 4226; x_wconf 70' lang='lat' dir='ltr'><strong>dogmatibus.</strong></span> 
     </span>
    </p>

    <p class='ocr_par' dir='ltr' id='par_1_20' title="bbox 1195 4248 1553 4490">
     <span class='ocr_line' id='line_1_92' title="bbox 1280 4248 1553 4319; baseline -0.011 -16"><span class='ocrx_word' id='word_1_403' title='bbox 1280 4248 1314 4303; x_wconf 81' lang='lat' dir='ltr'><strong>m</strong></span> <span class='ocrx_word' id='word_1_404' title='bbox 1329 4249 1483 4319; x_wconf 73' lang='lat' dir='ltr'><strong>firmeht&#39;ter,</strong></span> <span class='ocrx_word' id='word_1_405' title='bbox 1500 4257 1553 4304; x_wconf 82' lang='lat' dir='ltr'><strong>ele.</strong></span> 
     </span>
     <span class='ocr_line' id='line_1_93' title="bbox 1202 4341 1508 4408; baseline -0.02 -9"><span class='ocrx_word' id='word_1_406' title='bbox 1202 4345 1236 4399; x_wconf 89' lang='lat' dir='ltr'><strong>lh</strong></span> <span class='ocrx_word' id='word_1_407' title='bbox 1248 4357 1310 4400; x_wconf 83' lang='lat' dir='ltr'><strong>arce</strong></span> <span class='ocrx_word' id='word_1_408' title='bbox 1324 4341 1389 4396; x_wconf 83' lang='lat' dir='ltr'><strong>Sion</strong></span> <span class='ocrx_word' id='word_1_409' title='bbox 1406 4341 1508 4408; x_wconf 86' lang='lat' dir='ltr'><strong>positos</strong></span> 
     </span>
     <span class='ocr_line' id='line_1_94' title="bbox 1195 4432 1520 4490; baseline -0.012 0"><span class='ocrx_word' id='word_1_410' title='bbox 1195 4434 1355 4490; x_wconf 86' lang='lat' dir='ltr'><strong>Prmmineat</strong></span> <span class='ocrx_word' id='word_1_411' title='bbox 1368 4432 1520 4487; x_wconf 80' lang='lat' dir='ltr'><strong>virtutihus.</strong></span> 
     </span>
    </p>

    <p class='ocr_par' dir='ltr' id='par_1_21' title="bbox 1199 4523 1580 4768">
     <span class='ocr_line' id='line_1_95' title="bbox 1272 4523 1566 4588; baseline -0.007 -10"><span class='ocrx_word' id='word_1_412' title='bbox 1272 4523 1305 4578; x_wconf 76' lang='lat' dir='ltr'><strong>iit</strong></span> <span class='ocrx_word' id='word_1_413' title='bbox 1319 4523 1398 4578; x_wconf 74' lang='lat' dir='ltr'><strong>assit.</strong></span> <span class='ocrx_word' id='word_1_414' title='bbox 1413 4524 1498 4588; x_wconf 83' lang='lat' dir='ltr'><strong>illum,</strong></span> <span class='ocrx_word' id='word_1_415' title='bbox 1513 4532 1566 4578; x_wconf 89' lang='lat' dir='ltr'><strong>ete.</strong></span> 
     </span>
     <span class='ocr_line' id='line_1_96' title="bbox 1201 4611 1574 4684; baseline -0.005 -16"><span class='ocrx_word' id='word_1_416' title='bbox 1201 4616 1267 4669; x_wconf 80' lang='lat' dir='ltr'><strong>curun</strong></span> <span class='ocrx_word' id='word_1_417' title='bbox 1283 4630 1360 4684; x_wconf 79' lang='lat' dir='ltr'><strong>aennn</strong></span> <span class='ocrx_word' id='word_1_418' title='bbox 1375 4614 1465 4668; x_wconf 92' lang='lat' dir='ltr'><strong>mundi</strong></span> <span class='ocrx_word' id='word_1_419' title='bbox 1477 4611 1574 4668; x_wconf 75' lang='lat' dir='ltr'><strong>iudice</strong></span> 
     </span>
     <span class='ocr_line' id='line_1_97' title="bbox 1199 4698 1580 4768; baseline -0.013 -11"><span class='ocrx_word' id='word_1_420' title='bbox 1199 4704 1309 4757; x_wconf 78' lang='lat' dir='ltr'><strong>ihrnno</strong></span> <span class='ocrx_word' id='word_1_421' title='bbox 1326 4701 1464 4756; x_wconf 88' lang='lat' dir='ltr'><strong>sedentem</strong></span> <span class='ocrx_word' id='word_1_422' title='bbox 1477 4698 1580 4768; x_wconf 72' lang='lat' dir='ltr'><strong>gloriae.</strong></span> 
     </span>
    </p>

    <p class='ocr_par' dir='ltr' id='par_1_22' title="bbox 1199 4793 1591 5045">
     <span class='ocr_line' id='line_1_98' title="bbox 1249 4793 1591 4873; baseline -0.012 -23"><span class='ocrx_word' id='word_1_423' title='bbox 1249 4793 1281 4850; x_wconf 78' lang='lat' dir='ltr'><strong>ln</strong></span> <span class='ocrx_word' id='word_1_424' title='bbox 1291 4795 1375 4850; x_wconf 77' lang='lat' dir='ltr'><strong>predio</strong></span> <span class='ocrx_word' id='word_1_425' title='bbox 1389 4793 1525 4873; x_wconf 70' lang='lat' dir='ltr'><strong>Ecclesia,</strong></span> <span class='ocrx_word' id='word_1_426' title='bbox 1539 4802 1591 4848; x_wconf 82' lang='lat' dir='ltr'><strong>etc.</strong></span> 
     </span>
     <span class='ocr_line' id='line_1_99' title="bbox 1204 4886 1489 4956; baseline -0.007 -14"><span class='ocrx_word' id='word_1_427' title='bbox 1204 4889 1233 4944; x_wconf 94' lang='lat' dir='ltr'><strong>ln</strong></span> <span class='ocrx_word' id='word_1_428' title='bbox 1249 4902 1314 4942; x_wconf 77' lang='lat' dir='ltr'><strong>vince</strong></span> <span class='ocrx_word' id='word_1_429' title='bbox 1325 4886 1489 4956; x_wconf 70' lang='lat' dir='ltr'><strong>evangelica.</strong></span> 
     </span>
     <span class='ocr_line' id='line_1_100' title="bbox 1199 4976 1498 5045; baseline -0.027 -9"><span class='ocrx_word' id='word_1_430' title='bbox 1199 4979 1237 5036; x_wconf 82' lang='lat' dir='ltr'><strong>hd</strong></span> <span class='ocrx_word' id='word_1_431' title='bbox 1250 4979 1340 5033; x_wconf 82' lang='lat' dir='ltr'><strong>diuina</strong></span> <span class='ocrx_word' id='word_1_432' title='bbox 1355 4976 1498 5045; x_wconf 77' lang='lat' dir='ltr'><strong>preconis.</strong></span> 
     </span>
    </p>

    <p class='ocr_par' dir='ltr' id='par_1_23' title="bbox 1202 5063 1670 5322">
     <span class='ocr_line' id='line_1_101' title="bbox 1239 5063 1670 5136; baseline -0.028 -12"><span class='ocrx_word' id='word_1_433' title='bbox 1239 5069 1271 5124; x_wconf 79' lang='lat' dir='ltr'><strong>tn</strong></span> <span class='ocrx_word' id='word_1_434' title='bbox 1283 5069 1395 5136; x_wconf 80' lang='lat' dir='ltr'><strong>impleuit</strong></span> <span class='ocrx_word' id='word_1_435' title='bbox 1405 5066 1480 5121; x_wconf 77' lang='lat' dir='ltr'><strong>iliram</strong></span> <span class='ocrx_word' id='word_1_436' title='bbox 1491 5063 1602 5136; x_wconf 76' lang='lat' dir='ltr'><strong>Spiritu,</strong></span> <span class='ocrx_word' id='word_1_437' title='bbox 1617 5071 1670 5119; x_wconf 82' lang='lat' dir='ltr'><strong>ete.</strong></span> 
     </span>
     <span class='ocr_line' id='line_1_102' title="bbox 1203 5155 1553 5227; baseline -0.026 -9"><span class='ocrx_word' id='word_1_438' title='bbox 1203 5162 1238 5218; x_wconf 88' lang='lat' dir='ltr'><strong>Ut</strong></span> <span class='ocrx_word' id='word_1_439' title='bbox 1251 5177 1326 5217; x_wconf 90' lang='lat' dir='ltr'><strong>more</strong></span> <span class='ocrx_word' id='word_1_440' title='bbox 1339 5160 1431 5217; x_wconf 77' lang='lat' dir='ltr'><strong>notans</strong></span> <span class='ocrx_word' id='word_1_441' title='bbox 1445 5155 1553 5227; x_wconf 77' lang='lat' dir='ltr'><strong>aooilae,</strong></span> 
     </span>
     <span class='ocr_line' id='line_1_103' title="bbox 1202 5245 1542 5322; baseline -0.029 -12"><span class='ocrx_word' id='word_1_442' title='bbox 1202 5254 1290 5310; x_wconf 86' lang='lat' dir='ltr'><strong>Solem</strong></span> <span class='ocrx_word' id='word_1_443' title='bbox 1302 5257 1406 5322; x_wconf 88' lang='lat' dir='ltr'><strong>spectet</strong></span> <span class='ocrx_word' id='word_1_444' title='bbox 1418 5245 1542 5305; x_wconf 82' lang='lat' dir='ltr'><strong>iustitias.</strong></span> 
     </span>
    </p>

    <p class='ocr_par' dir='ltr' id='par_1_24' title="bbox 1197 5340 1566 5587">
     <span class='ocr_line' id='line_1_104' title="bbox 1272 5340 1566 5414; baseline -0.02 -16"><span class='ocrx_word' id='word_1_445' title='bbox 1272 5342 1307 5397; x_wconf 83' lang='lat' dir='ltr'><strong>lh</strong></span> <span class='ocrx_word' id='word_1_446' title='bbox 1318 5342 1387 5398; x_wconf 84' lang='lat' dir='ltr'><strong>stein</strong></span> <span class='ocrx_word' id='word_1_447' title='bbox 1399 5340 1498 5414; x_wconf 66' lang='lat' dir='ltr'><strong>glorie,</strong></span> <span class='ocrx_word' id='word_1_448' title='bbox 1513 5346 1566 5394; x_wconf 80' lang='lat' dir='ltr'><strong>ote.</strong></span> 
     </span>
     <span class='ocr_line' id='line_1_105' title="bbox 1203 5430 1560 5503; baseline -0.017 -12"><span class='ocrx_word' id='word_1_449' title='bbox 1203 5435 1274 5503; x_wconf 82' lang='lat' dir='ltr'><strong>inter</strong></span> <span class='ocrx_word' id='word_1_450' title='bbox 1288 5442 1440 5490; x_wconf 86' lang='lat' dir='ltr'><strong>sanctorum</strong></span> <span class='ocrx_word' id='word_1_451' title='bbox 1454 5430 1560 5501; x_wconf 71' lang='lat' dir='ltr'><strong>agmine</strong></span> 
     </span>
     <span class='ocr_line' id='line_1_106' title="bbox 1197 5523 1468 5587; baseline -0.018 -6"><span class='ocrx_word' id='word_1_452' title='bbox 1197 5524 1309 5581; x_wconf 86' lang='lat' dir='ltr'><strong>Coronis</strong></span> <span class='ocrx_word' id='word_1_453' title='bbox 1322 5523 1468 5587; x_wconf 85' lang='lat' dir='ltr'><strong>nrtilautia,</strong></span> 
     </span>
    </p>

    <p class='ocr_par' dir='ltr' id='par_1_25' title="bbox 1201 5614 1521 5675">
     <span class='ocr_line' id='line_1_107' title="bbox 1201 5614 1521 5675; baseline -0.006 -1"><span class='ocrx_word' id='word_1_454' title='bbox 1201 5619 1235 5674; x_wconf 79' lang='lat' dir='ltr'><strong>Et</strong></span> <span class='ocrx_word' id='word_1_455' title='bbox 1250 5620 1309 5675; x_wconf 85' lang='lat' dir='ltr'><strong>loce</strong></span> <span class='ocrx_word' id='word_1_456' title='bbox 1319 5614 1386 5673; x_wconf 84' lang='lat' dir='ltr'><strong>solis</strong></span> <span class='ocrx_word' id='word_1_457' title='bbox 1397 5615 1521 5673; x_wconf 74' lang='lat' dir='ltr'><strong>condida.</strong></span> 
     </span>
    </p>
   </div>
   <div class='ocr_carea' id='block_1_16' title="bbox 229 5773 1564 5863">
    <p class='ocr_par' dir='ltr' id='par_1_26' title="bbox 229 5773 1564 5863">
     <span class='ocr_line' id='line_1_108' title="bbox 229 5773 1564 5863; baseline -0.017 -13"><span class='ocrx_word' id='word_1_458' title='bbox 229 5799 240 5833; x_wconf 80' lang='lat' dir='ltr'><strong>e</strong></span> <span class='ocrx_word' id='word_1_459' title='bbox 258 5791 396 5850; x_wconf 81' lang='lat' dir='ltr'><strong>hietotcrns</strong></span> <span class='ocrx_word' id='word_1_460' title='bbox 410 5800 484 5863; x_wconf 85' lang='lat' dir='ltr'><strong>pntnt</strong></span> <span class='ocrx_word' id='word_1_461' title='bbox 504 5807 564 5849; x_wconf 88' lang='lat' dir='ltr'><strong>esse</strong></span> <span class='ocrx_word' id='word_1_462' title='bbox 589 5792 755 5863; x_wconf 83' lang='lat' dir='ltr'><strong>llnrttnanni,</strong></span> <span class='ocrx_word' id='word_1_463' title='bbox 786 5804 846 5847; x_wconf 83' lang='lat' dir='ltr'><strong>narn</strong></span> <span class='ocrx_word' id='word_1_464' title='bbox 870 5787 897 5848; x_wconf 91' lang='lat' dir='ltr'><strong>in</strong></span> <span class='ocrx_word' id='word_1_465' title='bbox 920 5786 969 5843; x_wconf 85' lang='lat' dir='ltr'><strong>his.</strong></span> <span class='ocrx_word' id='word_1_466' title='bbox 985 5777 1168 5842; x_wconf 83' lang='lat' dir='ltr'><strong>erentannesi</strong></span> <span class='ocrx_word' id='word_1_467' title='bbox 1180 5777 1300 5835; x_wconf 84' lang='lat' dir='ltr'><strong>rcrsihns</strong></span> <span class='ocrx_word' id='word_1_468' title='bbox 1314 5773 1481 5831; x_wconf 85' lang='lat' dir='ltr'><strong>linrtnrsnni.</strong></span> <span class='ocrx_word' id='word_1_469' title='bbox 1497 5773 1564 5833; x_wconf 73' lang='lat' dir='ltr'><strong>cnr.</strong></span> 
     </span>
    </p>
   </div>
   <div class='ocr_carea' id='block_1_17' title="bbox 0 0 1898 6119">
    <p class='ocr_par' dir='ltr' id='par_1_27' title="bbox 0 0 1898 6119">
     <span class='ocr_line' id='line_1_109' title="bbox 0 0 1898 6119; baseline 0 0"><span class='ocrx_word' id='word_1_470' title='bbox 0 0 1898 6119; x_wconf 95' lang='lat' dir='ltr'><strong> </strong></span> 
     </span>
    </p>
   </div>
  </div>
 </body>
</html>
