3788 6126
126 355 177 408 ιιι
646 336 767 397 saucit
788 332 928 391 sedenti
947 331 1053 387 ertsc.
1072 328 1242 390 reserarit
1701 330 1759 384 tte

124 464 214 520 lestias
241 473 316 515 nrcas
337 455 576 523 tribulationesque
596 451 722 507 assiduas
744 449 912 505 orationibus
925 449 949 508 Α
964 456 1031 514 tant,
1043 442 1760 515 ut,sicutipseiaridignatuscs,necerprirrriserbis,

124 552 219 609 uestris
231 547 393 605 courrnerrdn
407 544 548 613 fovendas,
561 552 588 599 ει
601 559 649 614 ρει·
660 542 793 598 ιὲιιιιειιιιιι
808 550 836 598 ιε
849 558 915 598 con·
966 557 1016 596 nce
1026 540 1130 597 exarari
1146 537 1234 593 valeat
1256 536 1415 593 atramentis
1431 543 1562 604 qnarrtum
1574 543 1587 570 ι
1603 550 1652 590 uos
1665 535 1762 591 reddat

126 657 195 709 prro,
205 648 234 693 ut
246 634 374 707 quidquid
388 635 529 701 inutiliter,
542 639 588 688 aut
600 648 678 689 secus
688 649 768 703 quaur
782 633 863 689 babet
873 647 917 688 ra·
966 641 994 689 et
1004 633 1109 687 animos
1122 628 1283 686 enarrantis.
1296 626 1392 694 Qun-ro
1407 639 1534 694 namque,
1547 633 1574 681 et
1590 641 1697 681 nrecmu
1709 640 1761 681 sn·

127 733 175 792 tio,
192 730 217 782 iu
245 729 295 781 bac
320 726 443 797 paginola
468 724 603 794 repereris
623 724 746 788 ellusum,
774 738 830 778 nou
852 731 916 778 ante
967 740 1116 797 penunrero
1141 721 1246 790 cogito,
1271 719 1336 789 quid
1352 727 1449 774 tmtrae
1472 718 1602 788 potestati
1619 733 1669 787 pro
1685 726 1762 775 tanta

126 820 385 887 aliispateatquam
400 815 531 871 milriboc
552 822 596 870 tna
619 814 733 885 epistola
755 814 916 868 innotescat.
968 814 1069 886 possim
1093 811 1242 882 rependere
1264 810 1404 876 bonitate;
1432 808 1481 864 sed
1500 808 1564 879 qnia
1606 808 1672 865 nibil
1696 808 1758 881 dig·

126 909 192 965 uror
207 923 294 976 neque
308 908 422 978 spatiuur
438 906 487 961 luit
498 907 560 961 inde
572 905 723 976 cogitandi,
736 919 823 974 neque
837 920 916 959 vaca·
968 921 1032 959 nrrrrr
1046 912 1092 957 ant
1105 902 1238 972 aequabile
1253 902 1326 957 ualet
1345 900 1473 970 reperiri,
1488 915 1531 955 ure
1553 902 1637 972 ipsum
1653 901 1764 969 elimo,

129 1001 166 1054 tio
194 998 331 1063 dictandi,
360 1006 388 1053 ει
413 999 484 1066 quot
509 997 599 1066 lingua
624 995 804 1066 deprompsit,
830 994 917 1050 aliena
971 1004 1111 1062 totumque
1126 1007 1168 1048 me
1182 992 1217 1047 ob
1233 992 1286 1046 hoe
1298 990 1455 1061 placabilem
1471 999 1585 1061 reputo,
1601 992 1665 1060 quia
1677 1006 1761 1060 gran·

128 1104 209 1142 uranu
224 1088 352 1150 exarari,
368 1102 418 1141 uec
433 1086 495 1140 iude
510 1094 657 1140 retractare
670 1082 798 1139 occurrit.
969 1089 1040 1144 diter
1061 1102 1077 1141 a
1098 1085 1175 1141 vobis
1197 1084 1285 1139 amari
1306 1082 1424 1139 conlido.
1451 1080 1519 1137 Puto
1534 1083 1605 1137 eninr
1620 1082 1693 1151 quod
1707 1098 1764 1138 non

393 1174 561 1232 EPlSTOLd
585 1174 636 1239 lli,
971 1176 1110 1247 displiceat
1132 1174 1228 1229 animis
1241 1173 1349 1249 restria,
1364 1188 1424 1229 curn
1438 1172 1464 1228 id
1485 1173 1569 1228 odero
1590 1173 1663 1244 quod
1686 1188 1768 1231 arna·

235 1286 341 1326 corsua
360 1288 394 1326 to
412 1284 558 1325 ruorrsunt
579 1282 815 1325 urnurcoueuseu.
973 1269 1016 1325 tis.
1034 1269 1099 1321 darn
1113 1265 1185 1337 quod
1199 1264 1317 1321 osticium
1340 1265 1426 1322 nostri
1455 1265 1619 1320 sermunculi
1644 1261 1761 1334 jussioni

167 1365 271 1419 bontno
288 1362 410 1418 rrorasio
425 1361 553 1432 episcopo
567 1358 712 1427 Eugeuins.
975 1367 1067 1414 restrae
1082 1373 1178 1429 parere
1190 1355 1363 1428 compellitis,
1384 1356 1491 1412 sincere
1507 1371 1594 1412 meam
1611 1355 1699 1412 fateor
1711 1372 1764 1414 vo-

167 1454 193 1509 l.
209 1453 311 1509 Vestrae
327 1452 432 1522 pietatis
448 1450 557 1506 oracula
572 1448 624 1504 lavi
640 1448 781 1504 dulcedine
794 1446 919 1504 suaviora
972 1449 1114 1516 lurrtatem,
1141 1464 1194 1504 non
1214 1447 1301 1504 solnm
1315 1447 1397 1504 uerbo
1421 1447 1499 1504 robis
1513 1463 1557 1503 me
1571 1448 1640 1504 rorte
1654 1464 1765 1521 parere,

132 1544 233 1615 ingenti
249 1560 291 1599 me
303 1543 389 1600 latror
400 1543 544 1614 perlegisse
554 1540 659 1610 laetitia;
671 1540 740 1596 uude
750 1543 830 1596 etiarn
843 1555 922 1594 crea·
974 1539 1021 1597 scd
1041 1549 1070 1595 ει
1094 1540 1202 1607 orrioro;
1217 1539 1238 1593 si
1251 1546 1340 1593 tamen
1354 1547 1450 1594 vestrm
1465 1539 1595 1595 orationis
1612 1540 1725 1595 obtentu
1737 1550 1769 1599 ει

135 1637 189 1691 tori
218 1636 332 1690 llnmirrn
360 1650 468 1705 precum
494 1634 579 1690 obtuli
607 1644 670 1689 rota
694 1642 805 1704 propter
828 1640 924 1687 uestrae
976 1632 1029 1686 rita
1057 1640 1148 1685 nostra
1163 1630 1294 1684 meruerit
1313 1629 1433 1696 reniam,
1457 1628 1588 1699 etliugua
1604 1630 1767 1687 facundiam.

134 1727 270 1782 luculentis
298 1735 450 1796 augmenta.
473 1724 557 1795 Crrjus
577 1725 648 1781 enirn
674 1726 780 1793 anima,
802 1725 924 1794 quamvis
976 1722 1042 1778 Nam
1059 1722 1109 1779 ctsi
1124 1729 1164 1776 est
1180 1721 1206 1775 iu
1222 1719 1316 1787 nobis,
1340 1728 1369 1775 ιιι
1385 1728 1428 1787 tu,
1446 1719 1568 1784 Domine,
1584 1731 1704 1791 reputas,
1718 1737 1768 1777 rc·

136 1817 172 1871 sit
200 1816 333 1885 sapientia
362 1816 476 1886 privata,
492 1824 593 1870 tautam
621 1831 648 1869 tn
673 1824 712 1880 te,
733 1814 928 1881 llorrriue,non
945 1813 1043 1872 Bnrrla
1075 1812 1178 1867 tantilla
1207 1812 1354 1880 sermonis,
1382 1826 1452 1866 nuuc
1479 1811 1623 1866 inutilitate
1648 1828 1767 1880 unorum,

134 1915 208 1961 aurct
235 1907 335 1960 amoris
362 1905 529 1970 industriam,
554 1920 635 1976 quam
658 1905 693 1961 ab
717 1919 779 1960 arce
800 1906 925 1962 colurirris
977 1903 1156 1961 nnncassidui
1172 1901 1306 1970 languoris
1320 1909 1430 1970 aggestu
1444 1901 1565 1970 quotidie
1580 1902 1769 1958 intercluditur

134 2015 187 2068 qna
201 1998 436 2053 sublinrisemiues
450 2007 478 2052 et
492 1998 623 2068 procellis
637 1998 671 2053 ad
690 1998 835 2053 amarnlunr
851 1997 926 2054 inllr-
977 2002 1005 2048 et
1017 1992 1146 2047 siccatur.
1160 1989 1268 2045 llissam
1282 1990 1367 2045 sancti
1382 1990 1517 2063 tttppotpi
1528 1992 1570 2046 vel
1584 1993 1731 2058 oralionoe·
1745 1993 1772 2049 ιι

137 2103 199 2142 arros
220 2097 248 2142 et
271 2087 403 2143 cultibiles
427 2088 550 2142 ultronea
573 2087 739 2157 benignitate
762 2086 926 2143 descendis?

136 2178 257 2231 Sincere
272 2178 346 2246 pacis
360 2177 497 2246 conditor,
516 2186 544 2231 ct
558 2192 633 2247 purae
647 2177 799 2233 dilectionis
823 2186 928 2232 ornator

138 2266 266 2322 ltorrrinus
283 2267 329 2321 ilci
344 2267 426 2323 Filius
438 2267 516 2323 lesus
531 2265 654 2323 Christus
667 2269 723 2336 ipse
736 2268 762 2322 in
783 2268 859 2321 uobis
871 2268 929 2323 hece

137 2362 221 2431 lrnrra,
241 2378 302 2431 qure
316 2362 440 2420 contulit.
465 2362 587 2430 ampliet,
613 2361 669 2432 ipse
681 2360 781 2416 illibata
796 2368 927 2431 perpetua

138 2455 250 2525 perenni
264 2464 308 2508 ate
323 2460 477 2508 euriservet.
487 2452 590 2508 Vestrae
604 2453 674 2507 cuim
686 2452 848 2523 dignationis
862 2451 930 2507 allo·

138 2546 203 2617 quia
227 2544 265 2599 ita
280 2559 329 2599 uos
342 2543 375 2598 ad
391 2559 511 2599 amorenr
523 2544 604 2599 uestri
613 2558 661 2614 per
668 2543 725 2599 dies
734 2541 930 2614 singulosiuci·

177 2706 191 2734 ⁸
202 2697 299 2753 Subest
313 2704 386 2752 certe
394 2697 536 2761 meudunu
548 2712 597 2750 nos
609 2710 671 2749 vero
683 2710 771 2750 naues
783 2708 932 2763 repraesen-

141 2778 241 2831 tamus,
256 2783 324 2837 quos
337 2768 481 2822 eruendare
497 2767 556 2822 sine
573 2765 734 2821 auctoritate
756 2766 894 2819 nonlicet.

175 2838 188 2876 t
211 2837 273 2892 ilrec
287 2837 369 2892 rer-ira
388 2846 512 2906 optamus
525 2837 641 2891 lectores
654 2849 747 2889 omnes
761 2834 933 2889 arrimaduer-

141 2909 211 2960 taut.
227 2908 282 2962 Nec
295 2908 366 2962 eninr
382 2907 469 2961 leuem
488 2905 621 2988 llispaniae
634 2905 739 2958 laudem
753 2905 780 2957 in
794 2919 825 2956 se
841 2905 930 2958 conti-

142 2986 205 3042 net,
221 2976 294 3047 quod
315 2977 404 3031 ruisse
420 2976 515 3031 rostrae
536 2990 563 3029 ru
577 2975 706 3029 Toletaua
730 2973 851 3028 Ecclesia
864 2974 933 3028 adeo

142 3056 270 3102 accurrate
294 3062 419 3101 scurrone
440 3055 531 3101 essem
552 3045 721 3111 conscriptae,
745 3051 775 3097 ot
798 3042 934 3112 Eugenios

141 3118 290 3186 quidquam
305 3118 344 3171 cis
358 3117 446 3172 simile
467 3117 564 3170 nedum
592 3113 738 3184 perfectius
756 3110 866 3168 elllcere
886 3113 931 3168 dc·

980 2083 1060 2139 nobis
1075 2091 1153 2137 oratu
1168 2091 1260 2137 restro
1280 2081 1333 2136 uita
1349 2096 1440 2137 comes
1454 2082 1582 2146 ediderit,
1601 2092 1630 2138 ut
1644 2092 1770 2153 potuero,

978 2191 1028 2245 pro
1053 2183 1142 2230 uestra
1166 2172 1287 2242 jussione
1309 2173 1429 2243 parabo:
1454 2174 1769 2229 nrissamrerorotiuam

980 2267 1042 2323 ideo
1064 2282 1117 2321 non
1141 2266 1252 2334 scripsi,
1276 2266 1341 2335 quia
1366 2266 1392 2320 in
1414 2265 1466 2322 lrae
1481 2267 1635 2336 patriotam
1650 2266 1771 2322 accantati

979 2372 1120 2413 sermones
1140 2356 1274 2412 habentur
1300 2363 1380 2426 atque
1404 2356 1560 2422 sententiae,
1576 2365 1606 2412 ut
1617 2355 1705 2413 simile
1717 2372 1777 2413 noe

980 2448 1081 2521 possim
1094 2446 1240 2516 excudere,
1256 2454 1284 2503 ει
1296 2445 1461 2516 superdeum
1475 2445 1567 2516 judico
1590 2447 1651 2502 inde
1665 2463 1711 2505 me
1722 2447 1771 2505 ali·

980 2540 1045 2613 quid
1060 2540 1160 2606 dicere,
1171 2539 1242 2595 unde
1255 2538 1382 2594 meliores
1396 2539 1486 2594 recolo
1498 2538 1553 2607 iarn
1568 2538 1668 2594 dixisse
1677 2546 1705 2595 a.

982 2715 1062 2770 quarn
1089 2699 1186 2755 litteris
1208 2698 1294 2765 clari,
1319 2708 1400 2769 atque
1413 2699 1565 2763 Ciceronis,
1580 2699 1722 2767 Pomponii
1743 2706 1773 2755 ει

982 2771 1095 2826 cesaris
1110 2773 1225 2839 (quanta
1241 2770 1370 2825 doctrinae
1392 2769 1511 2824 lumina!
1530 2773 1538 2829 ι
1555 2768 1754 2824 familiarissimi
1763 2786 1777 2835 ς.

983 2841 1044 2896 lolii
1059 2840 1123 2907 lgini
1139 2840 1172 2894 ab
1195 2842 1314 2904 augusto
1333 2848 1444 2908 propter
1465 2840 1619 2894 inrnrensanr
1642 2836 1775 2893 eruditio·

984 2926 1046 2966 uem
1064 2911 1179 2979 propriae
1192 2910 1360 2963 bibliothecae
1372 2908 1601 2978 praelecti3llarci
1617 2906 1705 2963 Porcii
1721 2906 1774 2963 ιε·

985 2982 1069 3036 tronis
1081 2980 1196 3035 oratoris
1210 2978 1397 3046 disertissimi,
1419 2993 1497 3047 quern
1513 2978 1645 3033 dicentem
1660 2978 1704 3032 rel
1716 2976 1775 3047 ipse

985 3050 1094 3104 Ovidius
1108 3048 1179 3103 uaso
1200 3049 1363 3117 suspiciebat
1377 3057 1487 3118 propter
1501 3047 1695 3102 serrtentinrum
1710 3060 1775 3115 gra·

986 3122 1106 3184 ritatem,
1133 3134 1200 3187 quas
1233 3119 1289 3174 mis
1316 3118 1483 3185 poematibus
1506 3118 1646 3175 insereret.
1673 3115 1776 3171 Praeter

142 3196 287 3256 sperasset.
297 3186 374 3253 Quod
388 3201 441 3241 uon
454 3201 487 3241 co
501 3200 516 3239 s
531 3185 608 3240 nobis
622 3183 730 3249 dicitur,
741 3183 816 3253 quasi
834 3182 933 3237 Rorna-
948 3178 971 3242 C
987 3192 1054 3254 hos,
1077 3192 1211 3243 Senecam
1226 3186 1425 3243 cordubensem
1449 3188 1670 3257 pbilosoplrorurn
1694 3186 1778 3243 laeils

143 3273 194 3312 nus
216 3272 306 3311 sermo
328 3271 360 3310 ea
384 3264 450 3310 tune
471 3255 542 3310 inter
555 3269 604 3310 uns
630 3252 748 3335 pueritate
760 3261 789 3307 et
801 3253 934 3322 elegantia

143 3327 345 3407 rigareritqnant
359 3325 464 3381 sorotis
475 3323 691 3393 precedentibus
701 3323 864 3378 obtinuerat.
876 3322 935 3378 Nou

144 3411 215 3449 errrnr
240 3394 259 3449 ii
279 3410 372 3450 somus
393 3397 437 3464 qui
462 3396 523 3464 plus
536 3408 614 3460 aequo
628 3393 682 3449 illis
695 3393 862 3463 temporibus
884 3393 935 3447 tri·

144 3464 268 3520 buanrus.
284 3463 338 3520 sert
349 3479 414 3519 uero
424 3464 523 3534 iustam
535 3464 640 3517 illorum
652 3463 782 3518 rationem
794 3462 934 3526 trabentes,

145 3544 227 3602 atque
247 3534 365 3602 reliquas
379 3532 493 3605 Europae
513 3533 665 3604 prouincias
679 3533 769 3586 anirno
784 3539 877 3586 nostro
892 3531 935 3586 lu·

145 3612 272 3667 strantes,
285 3618 346 3672 que
358 3605 421 3660 olim
434 3603 599 3674 politissima
613 3617 646 3657 ae
660 3602 787 3656 florentes
797 3600 935 3657 communi

147 3689 210 3727 eum
226 3673 352 3743 llispania
367 3673 422 3728 lato
437 3675 541 3729 obrutae
555 3674 606 3728 sub
621 3673 798 3727 barbarorum
812 3671 936 3724 donrina·

147 3743 221 3796 tione
246 3743 384 3810 jacebant,
407 3759 460 3798 non
475 3743 533 3798 sine
549 3755 644 3809 magna
656 3741 825 3810 jucunditate
839 3741 935 3796 obser·

146 3827 242 3866 ramus
262 3811 380 3882 tnajrrres
401 3822 483 3881 atque
510 3812 669 3867 illustriores
683 3809 936 3877 omnigeurecrudi-

63 3878 81 3895 ‘
148 3881 230 3936 tionis
253 3896 287 3936 ae
307 3882 393 3936 Latini
408 3883 541 3936 sennouis
554 3881 681 3949 reliquias
695 3881 722 3935 in
731 3878 865 3955 llisparria
881 3894 936 3948 pre

147 3951 252 4006 caeteris
278 3952 431 4020 regionibus
451 3966 467 4007 a
491 3949 620 4007 itomanis
646 3949 790 4019 aliquando
818 3949 936 4004 subactis

148 4021 337 4091 perorantes.
458 4026 462 4031 '

185 4109 261 4176 Quod
276 4117 368 4166 nostro
381 4110 505 4180 equidem
514 4108 614 4182 judicio
626 4109 686 4167 duae
696 4110 829 4180 praecipue
839 4122 883 4164 res
897 4109 937 4166 el·

149 4179 282 4235 iecerunt.
303 4180 402 4248 Prima,
437 4181 488 4236 uod
503 4183 555 4236 sub
569 4182 751 4235 Rornanorum
766 4179 879 4249 imperio
896 4182 937 4249 (ut

150 4250 217 4305 rrilril
241 4249 276 4306 de
304 4195 477 4307 Pboeniciirus
499 4259 528 4306 et
551 4249 652 4306 Grecis
677 4251 805 4312 dicantus,
822 4261 937 4316 quorum

986 3259 1151 3331 primipern,
1172 3266 1200 3312 et
1223 3256 1413 3323 Quintilianum
1428 3257 1646 3327 Calagnritauurn
1661 3271 1777 3313 aureum

985 3329 1153 3394 scriptorem,
1169 3327 1316 3381 rhetorices
1329 3332 1498 3394 magistrum,
1520 3342 1554 3381 ex
1576 3326 1655 3394 eujus
1680 3325 1780 3382 sebnia

985 3399 1063 3455 urulti
1083 3397 1159 3467 quasi
1184 3411 1218 3450 ex
1241 3410 1311 3464 equo
1334 3397 1450 3462 Trojano
1478 3398 1624 3451 litterarum
1648 3410 1778 3465 prrrceres

985 3469 1156 3533 exstiterunt,
1180 3475 1209 3520 ιιι
1224 3465 1341 3533 loquitur
1364 3465 1521 3521 politianus.
1538 3466 1612 3520 dden
1628 3473 1657 3519 ut
1679 3463 1778 3535 llispa-

987 3540 1014 3593 ni
1029 3546 1057 3594 et
1066 3537 1187 3592 docentis
1198 3536 1351 3605 reipublice
1361 3536 1473 3604 glorium
1486 3551 1541 3590 sou
1555 3536 1684 3590 doctrina·
1698 3536 1777 3591 lurni·

987 3624 1021 3662 ne
1042 3606 1259 3673 rumu'avcrint,
1286 3611 1314 3659 ει
1335 3606 1361 3659 in
1384 3606 1521 3659 interitrrrn
1535 3621 1595 3661 crrrn
1621 3605 1719 3659 litteris
1735 3605 1778 3659 iu·

986 3679 1096 3733 clinauti
1119 3691 1222 3732 summu
1236 3674 1393 3729 eruditionis
1408 3675 1433 3729 ri
1448 3676 1570 3743 opitulati
1585 3676 1648 3738 sint,
1664 3675 1778 3738 nedum,

985 3747 1136 3872 uthuidaru
1155 3744 1287 3812 clintiunt,
1312 3746 1421 3814 optimis
1439 3745 1498 3814 ejus
1511 3746 1606 3799 studiis
1617 3752 1723 3815 pestenr
1735 3755 1778 3800 at·

987 3827 1015 3872 tu
1027 3819 1106 3872 erint.

1021 3905 1121 3961 Verum
1143 3904 1201 3960 lnce
1219 3904 1308 3959 omnia
1323 3903 1357 3958 ud
1369 3903 1517 3959 luturcrum
1531 3903 1688 3960 seculorum
1704 3903 1778 3960 litte·

986 3984 1105 4033 naturam
1133 3990 1226 4045 parurn
1249 3970 1435 4041 coirtnlisscut,
1458 3975 1496 4039 si,
1520 3973 1591 4044 qnod
1621 3974 1669 4042 ipsi
1695 3973 1779 4029 ltaliae

986 4045 1132 4114 corrtigise
1146 4044 1276 4109 uidemus,
1291 4043 1416 4113 llispauia
1431 4042 1580 4099 Gurthoruur
1592 4044 1779 4099 doctrinarique

987 4128 1115 4185 oppressa
1139 4114 1237 4170 ardeus
1258 4114 1431 4169 scientiarum
1445 4116 1562 4168 studium
1574 4116 1680 4183 penitus
1703 4112 1779 4182 abje-

987 4185 1081 4241 cisset.
1094 4183 1147 4239 Sed
1169 4184 1252 4238 multo
1266 4184 1343 4238 aliter
1357 4183 1480 4238 ellectum
1495 4193 1551 4250 cst;
1569 4196 1685 4253 namque
1707 4183 1779 4237 inter

987 4252 1233 4309 uredioslrarbaros
1257 4253 1360 4308 litteras
1387 4268 1440 4308 non
1469 4261 1571 4307 tarrtnm
1596 4252 1783 4320 gratissiruas·

150 4319 545 4376 doetrinantultoarrtestcoli
565 4323 793 4390 ereptaesttuna
810 4318 935 4387 llispauia
987 4322 1035 4378 sed
1066 4333 1093 4378 ει
1122 4324 1293 4378 lrrrrnauiorcs
1325 4323 1447 4378 ridemus
1473 4322 1608 4378 anostris
1643 4321 1779 4376 excultas.

151 4399 214 4444 ante
236 4389 302 4444 alias
317 4391 440 4446 nationes
454 4388 563 4445 Latinas
583 4390 686 4445 litteras
700 4388 852 4458 amplexata
876 4386 936 4455 luit,
988 4393 1052 4460 Qua
1066 4394 1166 4448 etenim
1180 4394 1233 4447 alia
1248 4393 1320 4448 natio
1341 4403 1382 4448 cst
1404 4408 1464 4462 quae
1478 4409 1513 4448 ex
1527 4393 1578 4447 illis
1594 4393 1700 4447 saeculis
1714 4392 1776 4445 tort·

152 4457 327 4527 Romanaque
341 4461 428 4515 studia
442 4475 547 4515 summa
562 4460 643 4513 animi
657 4458 831 4514 contentione
844 4472 937 4525 prose·
990 4470 1051 4518 deun
1072 4463 1146 4518 viros
1170 4463 1333 4518 nostratibus
1358 4477 1496 4531 opponere
1520 4464 1619 4531 queat?
1634 4459 1762 4516 Lesrrdro

151 4537 214 4582 cota
237 4526 353 4582 Publice·
361 4529 432 4584 euim
442 4531 541 4584 selrolae
552 4543 600 4598 per
611 4530 761 4583 universam
769 4526 936 4596 llispaniam,
951 4525 977 4587 ι)
991 4532 1149 4603 Fulgerrtio.
1164 4532 1266 4587 isidoro
1287 4531 1436 4600 llispaleusi
1461 4530 1601 4595 iratribns;
1622 4530 1776 4596 Brarclioui,

153 4596 315 4651 celebriores
326 4612 390 4651 cero
405 4598 431 4651 in
448 4599 543 4654 lectica
556 4599 709 4652 constitute
722 4605 795 4663 sunt,
811 4611 878 4665 quas
896 4598 937 4651 lu·
988 4603 1108 4673 Engerrio
1135 4601 1278 4665 Toletano,
1311 4602 1494 4671 ildephonso,
1518 4600 1633 4664 loliano,
1664 4599 1774 4661 Tironi,

153 4666 301 4732 dimagistri
327 4667 477 4747 eruditione
512 4668 629 4733 insigues
656 4667 887 4721 moderabantur:
904 4682 939 4722 cx
988 4672 1118 4741 Eulogio,
1141 4672 1246 4727 caeteris
1270 4672 1392 4727 Patribus
1406 4682 1434 4726 ει
1448 4672 1589 4726 sanctitate
1608 4679 1635 4725 ει
1655 4670 1779 4725 doctriua

153 4747 266 4800 quarum
281 4733 388 4816 nllicrna
404 4744 471 4804 quot
485 4740 630 4815 quantique
642 4737 693 4817 riri
706 4736 865 4806 prodierint,
882 4738 939 4791 sire
988 4743 1160 4806 venerandis,
1174 4743 1200 4795 in
1211 4741 1355 4810 Scriptura
1365 4757 1448 4796 saeue
1459 4741 1573 4795 lectione
1588 4740 1712 4805 assiduis,
1722 4754 1778 4809 prr·

154 4811 336 4881 itrtttttffldltet·
362 4807 939 4887 §tterhetores,titeltttetssnsuilignema
988 4828 1096 4867 scornnr
1116 4826 1248 4866 canonurn
1278 4810 1425 4879 disciplinae
1455 4811 1621 4879 custodibus,
1645 4809 1782 4877 streongte

154 4878 270 4938 tgnorat.
296 4874 335 4927 db
362 4889 425 4945 rpsrs
452 4874 580 4930 Ronrarue
603 4876 755 4944 rerpublrcre
794 4877 939 4945 rinctpibus
989 4880 1193 4936 absolutissnris
1215 4880 1443 4945 acsolidissiruis,
1468 4882 1620 4935 oratoribus
1645 4880 1778 4942 laeundrs,

153 4956 247 5020 eornm
262 4943 443 5023 nominarem
460 4948 571 5025 summis
583 4944 711 4999 doctr-inm
726 4892 848 4999 lauriibus
862 4959 940 5000 acce·
988 4965 1039 5005 nec
1054 4950 1200 5014 indisertis,
1216 4957 1244 5003 et
1259 4949 1292 5002 ab
1307 4950 1457 5006 eruditione
1496 4950 1588 5003 rotano
1601 4966 1655 5005 non
1670 4947 1778 5012 alienis,

153 5025 252 5133 rimis·
266 5027 333 5081 (tuas
345 5013 457 5080 pnbtrcrs
472 5014 567 5093 litteus
577 5014 807 5094 commendarunt.
820 5014 940 5083 uamroe
989 5019 1060 5089 qnod
1078 5020 1156 5074 errius
1178 5019 1235 5072 diri
1250 5017 1344 5075 isidori
1355 5035 1437 5088 opera
1453 4965 1494 5074 ati
1501 5019 1660 5074 miraculum
1674 5017 1780 5075 doctis·

167 5078 287 5163 lrspanos
298 5096 314 5135 a
327 5081 453 5166 llourauuis
466 5092 600 5164 sapientes
620 5084 741 5138 ltourrues
753 5084 876 5151 habitos,
899 5093 940 5138 at·
989 5090 1049 5144 siuti
1063 5090 1249 5144 demonstrant
1263 5098 1293 5141 ut
1308 5088 1371 5141 nibil
1387 5088 1421 5141 de
1441 5088 1590 5142 braulionis
1602 5087 1725 5157 epistolis
1751 5094 1779 5142 cl

153 5162 207 5216 qne
229 5165 297 5219 tufts
318 5151 415 5221 public!
432 5162 551 5235 ttetthr
565 5168 623 5222 lpse
633 5151 766 5235 'dodrante
776 5154 940 5233 'eloquentiae
988 5159 1062 5214 bisce
1077 5157 1186 5227 Eugenii
1201 5158 1336 5228 opusculis
1349 5157 1484 5222 dicantus,
1506 5157 1639 5227 inquibus
1655 5168 1780 5213 veterum

154 5232 253 5339 Baretta
266 5235 298 5276 es
314 5236 364 5276 stro
375 5230 403 5276 ct
417 5238 552 5278 conterunt
567 5239 687 5303 ourtrrttru
699 5222 801 5289 judicto
815 5231 938 5277 testatur.
1009 5238 1128 5283 netarum
1142 5237 1169 5282 et
1183 5235 1319 5281 oratorum
1339 5230 1480 5283 seruientia}
1503 5232 1602 5296 passtnr
1621 5236 1780 5284 occumulat.

177 5295 187 5341 ι
208 5288 299 5345 iberus
318 5306 371 5346 non
386 5293 471 5347 solunt
484 5293 559 5346 vada
570 5295 692 5348 doctrnra
710 5293 867 5359 instructos,
891 5292 940 5347 sed
989 5245 1092 5366 iiuibus
1104 5298 1125 5353 si
1141 5297 1289 5365 linguarum
1302 5298 1491 5365 eogrrrtionem,
1512 5311 1564 5365 qua
1575 5306 1652 5351 crunt
1662 5298 1778 5351 instruc·

155 5365 190 5439 et·
214 5361 339 5441 acerrimi
360 5361 452 5429 judicii
474 5363 555 5427 uiros,
572 5362 833 5429 enrrroertsstrraqoe
867 5363 940 5416 uaris
990 5368 1083 5423 tissimi
1109 5370 1253 5436 (quantum
1278 5374 1399 5436 tempora
1422 5367 1466 5421 itta
1493 5365 1635 5437 serebant)
1656 5366 1780 5435 adjungi·

155 5427 236 5508 turmae
250 5431 348 5484 ruduat
363 5431 496 5498 llorarius,
518 5433 563 5501 qui
574 5432 608 5485 ab
623 5431 675 5488 illrs
688 5446 748 5486 cum
773 5430 941 5501 jucunditate
990 5454 1059 5502 runs,
1085 5437 1151 5491 nibil
1163 5442 1203 5489 est
1219 5434 1341 5505 prolecto
1355 5436 1426 5505 quod
1449 5436 1482 5491 ad
1497 5436 1610 5491 solitam
1622 5436 1779 5491 eruntitionis

156 5497 225 5577 ¹⁸3¹*
250 5504 434 5571 conprenso,
458 5504 505 5556 sed
520 5502 611 5570 gloriae
630 5503 763 5556 duceret:
780 5502 822 5555 ιιι
845 5510 940 5571 pentus
990 5506 1094 5561 laudern
1105 5504 1281 5561 desideretur.
1309 5504 1347 5560 Er
1363 5507 1459 5575 quibus
1473 5505 1596 5561 omuibus
1615 5504 1680 5561 illud
1695 5504 1778 5561 ellici·

154 5563 234 5620 discet
257 5567 337 5650 lter..
347 5569 400 5627 Sed
414 5572 473 5641 quis
487 5573 589 5626 nesciat
611 5571 823 5651 doctissimorum
847 5570 942 5640 llispa·
991 5584 1043 5640 tur,
1065 5585 1093 5630 ut
1109 5575 1166 5630 haec
1179 5575 1286 5644 propria
1302 5576 1380 5631 unius
1400 5576 1533 5645 llispauite
1548 5577 1606 5629 laus
1619 5576 1669 5637 sit,
1686 5573 1779 5631 nullibi

155 5648 253 5702 noruur
266 5652 384 5705 noturua,
400 5640 571 5711 quaerebam
584 5641 941 5711 ttomautstoemopropter
989 5660 1059 5702 uere
1072 5645 1211 5714 sapientiae
1231 5644 1349 5699 studium
1372 5644 1425 5700 illis
1447 5645 1612 5714 temporibus
1632 5645 1718 5713 magis
1739 5643 1776 5699 ri·

156 5704 300 5761 maalmam
322 5708 470 5765 studiorum
492 5709 710 5780 ooop'unetienem
733 5717 761 5766 st
786 5710 940 5766 siruilitudi·
989 5716 1088 5788 puisse,
1113 5722 1194 5782 atque
1217 5711 1323 5769 Gotbus
1344 5723 1441 5770 natura
1463 5714 1535 5769 leros
1554 5714 1721 5779 etiucnltes,
1744 5718 1777 5769 st

157 5774 240 5830 sterni
264 5773 380 5834 Cornelii
400 5779 473 5836 tatbi
499 5778 624 5839 Gaditani
659 5794 713 5839 non
744 5780 826 5838 aruris
856 5780 941 5851 inagis
991 5786 1117 5856 omnique
1137 5782 1225 5843 studio
1249 5792 1428 5856 praeterquam
1441 5799 1576 5843 umorum
1588 5784 1780 5849 ablrurrentett
