3788 6126
127 337 197 399 atet
725 322 863 380 necilli
883 319 1129 377 uuusctmttuu.
1672 320 1741 375 troo

435 433 549 491 cetur
568 432 602 489 X.
922 427 1008 491 ebus
1019 429 1052 483 ad
1062 430 1192 484 rationum
1203 427 1288 483 studia
1297 428 1523 494 convenientibus,
1537 428 1581 486 ille
1591 442 1740 500 mosinius

265 525 466 597 Driorpitiiss,
482 523 786 595 perecrieirctinfirmis.
959 516 1050 583 burno,
1076 519 1181 589 cingulo
1204 518 1282 572 simul
1310 519 1496 587 opertorioque
1521 519 1624 591 abiecto
1650 535 1742 590 puroet

161 618 326 691 bospitibus,
350 617 392 673 rel
406 617 552 686 peregrinis
575 615 710 681 iratribus,
726 629 785 671 cum
804 628 906 669 summa
958 609 1061 663 reniam
1085 608 1251 679 negligentiae
1273 624 1338 663 sum.
1367 608 1422 664 lloc
1444 609 1524 665 etium
1549 610 1573 665 is
1596 613 1630 666 ap
1651 611 1742 668 omero

124 709 277 772 reverentia
289 705 429 764 charitatis
443 713 472 759 et
485 703 686 760 ministrationis
698 704 826 774 obsequie
848 713 911 757 sunt
958 699 1169 769 regredientibus
1190 700 1334 756 exhibebit.
1358 699 1488 756 Similiter
1502 717 1606 770 quoquc
1627 712 1655 759 et
1672 702 1741 761 rele-

125 801 278 876 lssb‘fflv
292 806 321 855 θῑ
333 797 366 853 ²⁶
388 810 530 865 ”mlum
555 793 658 849 ¹¹l²¹li¹⁵
680 793 760 863 ledi*
782 803 829 859 ,et
841 793 863 847 ll
876 805 910 847 ιι
959 787 1056 843 alianis
1071 796 1190 857 tempore
1202 803 1293 845 coram
1309 789 1453 848 refectorio
1465 792 1563 848 astabit
1574 793 1645 848 uultu
1659 794 1741 865 depu-

124 898 221 955 itinere
233 900 296 951 sunl
306 888 433 955 coniecti,
443 888 505 943 oleo
518 885 680 957 perungendi
691 893 763 940 sunt.
777 884 909 949 bertam,
959 877 1010 933 etio
1020 885 1048 933 ct
1066 879 1167 944 ltabitu,
1178 893 1315 951 quousque
1327 880 1437 937 lrntrum
1448 882 1632 952 compassione
1642 886 1742 945 solatus

124 985 243 1046 lmus,
256 988 286 1037 et
307 977 434 1035 stramina
459 974 547 1031 mollia
570 974 728 1040 exhibenda,
748 988 780 1028 ac
803 972 910 1042 proiici-
959 967 1062 1023 veniam
1070 969 1745 1041 percipiat,qnamdeposcit.crnmexsmmqqm

123 1073 260 1133 nutibus
267 1069 344 1142 iuxta
354 1080 434 1139 pesse
443 1065 558 1122 cmncbii
569 1065 695 1122 risurum
707 1063 909 1133 imponendum.
960 1057 1049 1113 nulius
1061 1060 1194 1129 loquatur,
1207 1075 1293 1130 neque
1304 1062 1422 1131 qualibet
1435 1079 1496 1119 eum
1506 1070 1690 1135 compassione
1699 1073 1742 1126 net

123 1162 232 1235 amnti
253 1158 327 1216 amni
352 1157 525 1214 miseratione
546 1163 576 1211 et
596 1153 781 1224 umpsastone
803 1150 910 1210 incundi
960 1147 1133 1205 miseratione
1154 1150 1284 1216 reiorcat,
1299 1152 1432 1220 nequead
1451 1154 1687 1213 mntradtcttnuen
1700 1160 1743 1214 ret

125 1261 200 1318 Νι.
222 1261 369 1315 multila
391 1247 533 1317 lacerares
556 1256 675 1312 musmo
695 1241 831 1297 relevandi
850 1250 912 1298 sunt
959 1239 1109 1308 superbiam
1132 1238 1284 1296 matertere
1297 1252 1449 1310 mauman,
1472 1243 1603 1312 002qu
1623 1260 1703 1303 m„
1715 1249 1743 1305 ὴ,
1776 1266 1780 1275 .

125 1342 285 1399 uminum.
299 1337 378 1394 'lalcs
391 1347 480 1392 tamen
500 1343 565 1391 suut
584 1335 624 1389 cle
634 1333 747 1388 ministri
761 1332 910 1403 delegandi,
960 1339 1092 1385 concentu
1104 1330 1240 1386 communi
1265 1330 1376 1388 iratraas
1389 1340 1432 1389 est
1452 1334 1615 1400 ventilanda,
1627 1347 1655 1392 et
1673 1336 1748 1396 iuste

125 1433 174 1503 qut
196 1439 225 1489 et
245 1431 381 1500 pulmenta
405 1436 515 1485 aucune
536 1433 695 1498 preparent,
709 1433 738 1480 et
758 1426 856 1481 deuote
872 1426 912 1480 eis
960 1438 992 1480 sc
1006 1425 1138 1481 subtiliter
1160 1426 1390 1496 perserutandum,
1414 1442 1449 1484 ne
1470 1428 1584 1485 tortasse
1603 1429 1746 1490 dolositate
1868 1414 1869 1418 ¹

126 1520 277 1579 minutula
291 1518 494 1585 obsecundeut3
516 1527 544 1573 et
555 1516 589 1572 de
602 1516 653 1580 bis,
668 1530 729 1586 quas
741 1515 795 1573 illis
806 1517 911 1573 umidus
960 1525 988 1570 et
999 1514 1099 1570 malitia
1121 1516 1236 1571 senioris
1248 1516 1374 1574 innocens
1393 1518 1485 1588 junior
1496 1520 1671 1587 opprimatur.
1690 1522 1743 1575 sb-

125 1619 199 1676 seut,
222 1623 310 1678 seque
323 1607 442 1664 iraudem
467 1607 575 1673 iaciant,
595 1619 681 1676 neque
703 1605 807 1661 occulte
820 1620 911 1662 come·
961 1605 1015 1660 bati
1039 1605 1081 1660 rel
1106 1607 1249 1674 preposito
1268 1605 1344 1675 juxta
1367 1621 1539 1676 personarum
1560 1611 1746 1677 acceptionem

125 1702 215 1761 utone
230 1716 262 1758 te
274 1701 364 1758 illicita
377 1700 506 1772 polluant.
962 1711 1014 1752 non
1030 1696 1109 1750 liceat
1118 1696 1249 1765 judicare,
1270 1712 1355 1767 neque
1368 1698 1484 1768 aliquem
1499 1699 1680 1754 iraudulenter
1701 1700 1744 1755 ael

440 1787 553 1845 CAPUT
571 1787 618 1844 xt.
924 1768 1060 1855 Bittiuste
1073 1785 1218 1851 darnnare;
1243 1786 1301 1851 scri,
1317 1794 1346 1840 ut
1359 1786 1459 1841 «lictum
1473 1796 1526 1853 est,
1547 1788 1704 1857 spiritalium
1717 1797 1745 1842 et

311 1877 443 1935 Deultum
455 1886 480 1932 et
493 1876 587 1945 effectu
599 1878 727 1931 merocli.
959 1875 1138 1933 ruittcorun
1152 1876 1263 1931 lratrum
1275 1876 1456 1946 hujuscemodi
1466 1879 1545 1934 rebus
1554 1886 1596 1935 ml
1606 1878 1744 1935 retirrcoda

163 1971 255 2027 Nullus
276 1970 386 2025 alterius
408 1982 516 2025 manum
539 1977 637 2038 uocet,
662 1978 708 2023 arra
729 1969 763 2024 ed
787 1977 910 2038 punctum
962 1967 1106 2028 mulctrale,
1122 1967 1166 2034 qui
1182 1965 1231 2021 sibi
1247 1966 1293 2022 liei
1305 1966 1433 2036 judicium
1445 1979 1573 2034 ponentes
1585 1983 1640 2039 pras
1648 1968 1744 2034 oculis,

127 2064 256 2129 temporis
268 2061 370 2130 uspiam
391 2062 449 2118 siue
464 2062 646 2119 bencdictione
660 2064 776 2119 secedat.
798 2063 914 2121 llitoret
960 2073 1014 2117 aun
1039 2060 1194 2128 permittant
1217 2063 1332 2128 pessime
1353 2058 1505 2128 opprimere
1527 2057 1643 2113 animam
1667 2059 1744 2114 ione·

127 2150 297 2222 pulchritudo
308 2150 432 2218 ratium,
443 2153 594 2220 cultusque,
608 2161 688 2221 atque
700 2151 811 2208 ambitio
822 2167 911 2210 rerum
961 2150 1059 2206 tentis.

127 2241 324 2311 temporalium,
340 2241 374 2295 ab
385 2242 459 2297 omni
473 2241 577 2312 pesitus
590 2242 721 2298 rnnuaclan
732 2243 813 2299 debet
833 2257 913 2298 essu·
1260 2240 1372 2298 CAPUT
1389 2240 1446 2297 XV.

126 2331 195 2389 hle.
208 2331 283 2388 teus
296 2331 392 2403 gloria,
407 2334 543 2401 superbia,
553 2344 774 2405 contemptusque
783 2336 912 2405 turgidus,
1190 2333 1228 2388 lle
1239 2335 1357 2389 clamosis
1366 2342 1391 2388 et
1403 2334 1515 2389 lmrinls.

126 2428 157 2478 et
170 2420 308 2478 carmem
326 2421 468 2479 locutionis
482 2437 547 2479 usus
568 2424 707 2480 induetur
719 2425 753 2479 sb
778 2425 911 2482 omuibus.
999 2421 1150 2478 clamosum
1162 2423 1189 2478 in
1201 2423 1334 2478 locutione
1344 2423 1513 2491 monachum,
1525 2423 1745 2489 autiracundum,

126 2511 192 2571 ria·
204 2512 328 2579 estimet
346 2511 519 2579 ebleemilis,
535 2515 642 2570 bumills
664 2524 743 2585 atque
765 2514 912 2584 modestus,
964 2517 1151 2582 ridiculosum,
1172 2517 1405 2580 subsmnatorem,
1417 2517 1475 2572 sire
1487 2515 1676 2585 detractorem,
1687 2530 1747 2571 esse

125 2602 282 2659 etsedcbet
300 2601 412 2658 allectas
425 2604 546 2658 monachi
559 2619 567 2669 3
581 2605 645 2674 quin
654 2613 683 2661 et
694 2603 767 2660 omni
788 2606 914 2674 spurcitia
962 2621 1017 2665 eon
1030 2610 1117 2663 decet.
1140 2606 1191 2675 Qut
1215 2607 1365 2676 hujusmodi
1389 2616 1439 2674 est,
1461 2614 1489 2663 et
1511 2621 1583 2676 sepe
1605 2605 1749 2677 emunitus

126 2699 232 2758 aaut,
250 2690 420 2748 mendicum
432 2692 474 2747 rel
488 2691 603 2748 ridentis
620 2693 726 2747 errimus
746 2692 780 2747 ad
794 2707 914 2748 amorem
963 2711 1017 2752 non
1044 2695 1124 2752 luerit
1148 2696 1314 2761 emendatus,
1339 2696 1449 2765 tapetiis
1470 2697 1679 2764 uerberibusque
1701 2712 1748 2752 cu·

126 2788 157 2835 et
169 2780 294 2837 ιίιιοιιιι
307 2780 459 2837 viriditatis
476 2781 615 2847 accendat,
630 2789 659 2836 ut
681 2779 745 2835 illud
766 2780 850 2849 pettit
863 2782 912 2835 itu·
963 2785 1061 2841 merlus
1072 2794 1123 2850 est,
1136 2795 1163 2841 et
1173 2785 1270 2843 acriter
1280 2785 1473 2849 emendandus,
1499 2786 1645 2857 crebraque
1657 2788 1746 2842 curio-

126 2871 215 2941 plcre,
235 2869 306 2939 qued
328 2869 456 2928 Dominus
479 2871 570 2927 dixita
591 2869 636 2927 Sic
658 2871 741 2926 laceat
769 2870 816 2925 lus
831 2881 915 2924 seura
963 2875 1042 2930 sitate
1066 2884 1094 2931 et
1116 2874 1244 2930 industria
1269 2890 1285 2930 a
1314 2875 1377 2929 uitio
1402 2874 1578 2931 reducendus.
1610 2876 1746 2937 Luscinus,

126 2974 217 3014 carena
235 2957 393 3028 homnibus,
416 2968 446 3013 ut
461 2959 561 3014 eidrmrt
585 2969 669 3014 nestro
694 2957 760 3013 benc
782 2973 870 3028 opere.
892 2967 916 3012 et
965 2963 1086 3031 petulans
1099 2962 1277 3033 compertius,
1302 2963 1400 3032 saepius
1412 2963 1589 3031 suspendatur
1601 2978 1618 3019 a
1630 2965 1701 3026 cibo,
1716 2974 1744 3017 et

128 3050 272 3122 cimiliceqt
285 3049 746 3117 Putrcmucstrem,qsiiurclirest
766 3047 914 3120 (letter).
966 3053 1087 3110 biduards
1101 3055 1158 3110 siue
1172 3054 1301 3109 triduanis
1315 3063 1463 3109 maceretur
1485 3054 1591 3120 inediis,
1606 3057 1745 3124 operisque.
1854 3128 1857 3133 Ι

928 3096 952 3162 C

431 3158 543 3216 cppuq·
560 3156 618 3214 χιι,
965 3146 1115 3215 adiectione
1129 3146 1306 3212 coniiciatur;
1328 3158 1453 3200 sermone
1475 3154 1502 3200 et
1515 3146 1650 3214 colloquio
1670 3148 1750 3202 casti-

379 3227 528 3284 ⁰⁶⁶⁰⁸l⁶l⁰
539 3227 669 3284 moraldi·
964 3246 1052 3307 netur.
1074 3237 1102 3293 Si
1128 3239 1177 3291 ista
1198 3250 1341 3307 perpessus
1362 3250 1443 3305 stupe,
1460 3236 1570 3292 minime
1591 3239 1669 3293 luerit
1687 3252 1745 3292 cor·

165 3326 287 3392 &eloim
300 3333 330 3383 0²
352 3325 510 3390 modenule
532 3334 559 3381 0²
585 3324 719 3393 Ρΰΰῑῦῑῑῐίι
740 3322 806 3379 ΜΒ
820 3331 846 3378 0¹
860 3325 916 3378 ¹5¹¹·
965 3340 1066 3394 rectus,
1082 3331 1166 3400 plagis
1183 3329 1340 3386 emendetur
1363 3329 1517 3394 instantius,
1541 3329 1750 3398 reclusionisque

126 3417 481 3490 monumentumque
495 3417 628 3473 monaclti.
643 3416 745 3487 Duplex
759 3419 832 3474 enim
842 3419 916 3474 nullo
965 3419 1065 3475 diuinae
1078 3426 1229 3476 coarctetur
1238 3417 1377 3490 angustiis,
1388 3418 1542 3475 breuissime
1552 3419 1627 3485 panis
1636 3427 1745 3488 etequu

128 3512 284 3569 ndoesse
304 3513 383 3570 debet
405 3510 653 3577 laurissensium
672 3510 874 3574 sedveritlicus,
889 3520 916 3566 ct
967 3522 1015 3565 eeu
1039 3507 1337 3572 sttstentantlus,donec
1361 3522 1391 3563 sc
1413 3512 1568 3575 spondente
1587 3509 1751 3565 ritiureccs·

128 3603 256 3673 simplex,
270 3613 297 3660 et
311 3601 417 3670 hamdis
438 3601 594 3670 supercilio,
614 3602 697 3655 laetus
709 3615 802 3656 carens
815 3598 914 3669 ettlgte.
965 3610 1068 3652 surum.
1084 3595 1293 3659 inobedientem,
1321 3607 1552 3666 murmuratorem,
1575 3597 1751 3652 contradictu-

127 3696 227 3751 tisram
241 3696 408 3752 senioresuo
421 3694 492 3763 prior
513 3692 603 3747 nullus
621 3692 749 3757 ambulet,
764 3708 850 3760 tneque
863 3707 915 3748 non
966 3701 1033 3752 rem,
1050 3687 1109 3743 sire
1129 3684 1233 3742 iurtiris
1251 3687 1460 3742 comestionibus
1481 3697 1561 3757 atque
1582 3687 1751 3743 bibitionibus

128 3786 219 3856 lenus
233 3785 335 3850 sedeat,
351 3785 394 3841 rel
408 3785 540 3854 loquetur,
561 3783 607 3838 sed
632 3784 761 3838 bonorem
783 3783 859 3838 tratri
873 3796 918 3837 ss.
966 3782 1116 3843 vacentem,
1144 3774 1323 3843 suprascripta
1350 3775 1483 3830 coercebit
1512 3775 1654 3838 sententia,
1673 3784 1701 3830 ct
1724 3775 1750 3828 in

129 3876 198 3935 niori
213 3885 242 3933 et
254 3877 443 3942 reuerentiam,
458 3882 488 3930 ut
511 3873 648 3936 condecet,
671 3882 856 3943 competenter
868 3888 916 3930 nx·
965 3865 1088 3922 erunibus
1112 3865 1303 3921 monachorum
1325 3860 1523 3920 excessionibus
1547 3878 1663 3934 congrua
1685 3866 1749 3919 ani-

129 3965 231 4024 hibrat.
966 3957 1114 4013 maduersio
1136 3956 1284 4012 adhibenda
1306 3966 1349 4010 est
1370 3956 1516 4011 secundum
1541 3955 1643 4008 abbatis
1665 3963 1750 4010 atsu-

429 4053 543 4111 GAPUT
562 4052 631 4110 xttt.
967 4048 1070 4101 olorum
1085 4044 1223 4114 judicium,
1238 4043 1400 4099 conueniens
1414 4043 1587 4111 negligentis,
1599 4044 1682 4108 muti,
1694 4044 1750 4098 sire

447 4145 486 4200 De
500 4146 608 4200 delictis.
966 4151 1106 4207 personae3
1130 4138 1234 4204 critque
1247 4148 1351 4190 summa
1364 4135 1528 4189 discretione
1544 4134 1747 4202 providendus,

163 4239 265 4295 θωιιιι
277 4245 364 4304 actm,
378 4238 436 4293 siue
447 4238 617 4295 occasionum
633 4235 852 4297 necessitudines,
867 4248 916 4288 stro
968 4241 1003 4282 ue
1014 4227 1105 4297 qratia
1119 4240 1167 4294 pru
1182 4224 1284 4279 leuibus
1297 4221 1453 4286 lulerautur,
1466 4231 1512 4277 aut
1526 4224 1688 4279 econtrario
1701 4238 1750 4292 pro

130 4342 241 4394 semper
255 4342 366 4384 necare
380 4337 422 4384 est
436 4336 466 4381 nt
478 4326 623 4382 rummeins
635 4325 733 4382 celerat
747 4325 828 4386 Patri,
844 4334 870 4379 m
881 4340 913 4378 οι
966 4315 1091 4371 maximis
1104 4314 1169 4371 letis
1181 4323 1209 4369 et
1222 4329 1301 4384 parm
1315 4314 1379 4368 ultio
1393 4323 1527 4386 erogetur.
1542 4314 1662 4370 llensura
1677 4330 1751 4370 nam-

131 4417 205 4474 iilius
215 4425 362 4488 cognoscet
380 4418 551 4479 discretione,
571 4416 611 4471 rel
633 4415 741 4486 judicio,
757 4414 818 4484 quid
832 4423 916 4469 atten-
929 4431 955 4490 1)
967 4423 1019 4477 que
1032 4417 1059 4464 et
1070 4407 1185 4476 pondere
1198 4421 1285 4476 aeqtto,
1296 4405 1452 4477 inutiliaque
1466 4407 1517 4476 pix,
1530 4417 1557 4462 et
1567 4407 1748 4470 miseratione,

131 4509 188 4565 det.
203 4507 396 4579 Cogitationes,
420 4509 608 4572 revelationes,
633 4494 780 4569 illustules,
794 4513 823 4560 ct
835 4504 917 4573 nepti·
969 4496 1095 4552 continuo
1110 4497 1186 4552 Pater
1195 4498 1237 4551 rel
1251 4495 1407 4564 prepositus
1420 4497 1499 4551 dubet
1512 4497 1652 4562 excellere,
1667 4504 1696 4552 ut
1709 4500 1749 4552 siu

130 4597 236 4668 pudes
257 4599 379 4667 proprias
403 4596 500 4655 seniori
525 4597 613 4653 nuilus
627 4596 740 4660 obcelet,
759 4593 918 4651 uerecundia
968 4586 1063 4641 uulnus
1076 4592 1153 4641 curet
1165 4586 1267 4656 egroti,
1280 4597 1410 4654 quatenus
1431 4587 1554 4653 sulutem,
1570 4597 1597 4642 et
1611 4601 1663 4642 non
1676 4587 1750 4643 debi-

131 4688 171 4745 rel
185 4686 283 4756 iniuria
300 4688 426 4754 iaciente,
440 4688 483 4743 rel
495 4690 663 4744 conmmecia
677 4693 844 4755 perurgente.
864 4681 918 4737 Scri
967 4677 1068 4732 litatem
1081 4676 1177 4733 inierat
1192 4676 1314 4743 ntentbri,
1328 4677 1388 4747 quia
1408 4677 1476 4731 sicut
1500 4677 1663 4733 subditorum
1688 4677 1752 4731 uitia

131 4792 240 4849 semper
255 4776 408 4846 hujusmodi
423 4777 486 4834 uitia
505 4792 565 4833 eum
589 4775 725 4846 lacrymis,
748 4784 775 4830 ct
789 4786 919 4842 compnn-
968 4781 1017 4838 per
1030 4767 1197 4838 prepositus,
1212 4765 1248 4821 ita
1267 4775 1295 4821 et
1307 4765 1506 4836 prepositorum
1518 4768 1690 4839 negligentias
1702 4781 1751 4835 per

131 4868 222 4925 uisne
245 4867 346 4932 cesalis,
373 4876 453 4936 atque
475 4866 624 4922 bumilitate
649 4864 786 4921 serissima
814 4862 916 4926 abbati,
968 4858 1138 4927 semetipsum
1151 4855 1221 4913 bens
1230 4855 1369 4926 judicabit.

132 4956 286 5028 mmmm,
300 4958 358 5013 sive
369 4956 496 5026 probatis,
509 4955 671 5023 senioribm,
691 4953 830 5012 revelanda
845 4960 917 5018 seul,
1264 4965 1377 5024 cppuq·
1396 4966 1465 5021 xpp·

131 5059 158 5103 ct
175 5047 373 5113 cumulatione,
397 5047 528 5112 brabone,
555 5045 736 5117 castigatione,
757 5046 816 5101 eive
836 5043 917 5100 etiam
1077 5037 1116 5092 Dc
1127 5037 1255 5101 mudum,
1270 5040 1336 5107 turc,
1350 5044 1374 5091 ct
1387 5051 1535 5107 percussore
1545 5032 1679 5088 urcensis.

132 5137 324 5196 exercitatione
335 5137 422 5195 idonei
431 5137 519 5208 operis
528 5137 691 5209 castiganda.
1005 5126 1167 5190 llendaccm,
1192 5124 1288 5191 iurem,
1307 5138 1492 5194 percussorem
1510 5136 1614 5192 quoque
1638 5128 1665 5176 et
1683 5135 1746 5191 per-

428 5250 541 5306 cppqp
558 5248 627 5304 χιιι,
968 5219 1067 5289 jurum,
1082 5215 1152 5286 quod
1167 5216 1213 5270 ilci
1226 5229 1330 5271 serrum
1346 5228 1398 5269 nou
1413 5213 1498 5276 decet,
1514 5210 1610 5276 corripi
1634 5211 1748 5278 primum

389 5318 666 5376 Decammmunicutir.
969 5307 1147 5365 securioribus
1160 5305 1250 5361 serbis
1268 5310 1381 5372 oportet,
1397 5311 1425 5356 ut
1444 5300 1550 5355 recedat
1564 5298 1665 5354 aritio.
1684 5299 1749 5354 Post

166 5412 235 5467 Cum
248 5412 503 5474 excommunicetur,
518 5409 559 5464 rel
573 5408 692 5477 arguitur
704 5405 843 5474 quisquam
869 5416 917 5470 pro
969 5400 1028 5455 irasc
1040 5399 1063 5454 si
1076 5413 1126 5454 nec
1145 5398 1183 5453 sic
1196 5413 1226 5453 sc
1249 5396 1391 5453 currendam
1403 5396 1547 5461 distulerit,
1562 5396 1640 5450 tcrtlo
1658 5410 1749 5452 coram

135 5503 298 5574 mqltsssruie
323 5518 381 5568 sua,
411 5499 546 5558 exercebit
571 5495 758 5559 bumilitatem,
782 5505 919 5561 quousque
970 5489 1094 5544 iratribus
1106 5488 1285 5553 convenietur,
1311 5495 1340 5541 ut
1363 5484 1472 5540 desistat
1495 5486 1624 5556 tantisper
1645 5500 1746 5542 errare.

135 5591 265 5662 percipiat
278 5591 445 5653 oratioruma
460 5604 509 5645 uec
523 5603 555 5642 se
567 5585 673 5642 audebit
687 5586 755 5639 iuter
768 5582 832 5636 alins
844 5594 920 5634 com·
969 5581 996 5633 Si
1012 5594 1059 5635 neo
1073 5581 1113 5633 sic
1127 5591 1156 5633 sc
1180 5575 1371 5644 emendaverit,
1396 5576 1545 5648 flagelletur
1567 5577 1708 5641 acerrime,
1722 5585 1750 5633 et

134 5683 260 5748 miscere,
277 5683 318 5739 rel
329 5683 449 5752 cuiquam
463 5680 567 5736 omulte
581 5676 760 5746 coniunqcm3
775 5671 821 5730 scd
833 5673 918 5727 omnni-
971 5671 1049 5726 trium
1064 5667 1192 5726 tuentium
1206 5652 1292 5738 spatio
1312 5666 1591 5730 excommunicationis
1604 5669 1745 5727 uindictam
