3788 6126
75 300 125 356 ars
552 291 953 353 uasconruucxusttum
969 292 1033 350 uta.
1054 277 1189 352 narnus.
1650 298 1702 354 sut

77 413 229 469 l'lammeus
242 417 355 467 ornatus
367 408 429 466 eecli
441 422 490 480 per
502 408 590 464 sidera
603 407 676 462 iulsit
689 425 696 460 :
876 407 903 463 tt
950 405 985 460 Se
993 413 1032 460 tta
1043 407 1100 462 dies
1114 407 1207 464 Pboebi
1223 407 1303 463 rutilo
1313 418 1484 477 processerat
1498 417 1575 475 ortu,

77 502 167 560 0lllcia
182 502 279 568 stellis,
293 516 431 568 numam,
445 508 473 557 et
490 500 601 557 uomina
614 499 706 569 lussit,
915 493 982 549 Cum
996 504 1091 552 natura
1102 512 1201 568 parens
1210 499 1295 567 qiqnit
1307 500 1452 554 animantia
1468 499 1560 555 terris

78 593 211 662 Tempora
227 589 376 652 distribuit,
390 589 451 645 loca
464 588 589 654 contulit,
604 587 710 658 ignibus
723 587 791 656 egit,
916 586 1048 644 Cornibus
1058 598 1203 659 emmpnnt
1212 599 1312 645 armata
1329 590 1417 646 fronte
1425 590 1543 660 juvenci.

79 683 220 738 limitibus
231 681 300 746 duit,
312 679 394 750 jubar
403 679 499 747 induit,
515 694 567 735 ate
576 679 687 742 rotarii,
805 731 806 735 ,
917 677 950 730 lit
963 692 1012 746 per
1021 686 1096 748 prata
1110 692 1192 747 raqns
1201 681 1321 748 sequitur
1334 693 1383 735 sua
1398 689 1412 718 ⁸
1426 680 1525 736 bucula
1543 690 1649 735 tauros.

80 772 204 828 Cursibus
218 773 330 842 aptarit,
345 769 407 827 eoeii
421 770 575 839 regionibus
588 768 663 824 addit
678 785 685 821 :
915 764 1017 823 Certus
1031 768 1057 821 in
1070 783 1133 823 arra
1148 767 1228 838 luqax
1240 769 1365 838 palmatis
1377 771 1504 827 cornibus
1517 779 1600 838 errat,

81 864 200 932 iqminis.
211 863 344 918 innumeri
356 875 408 918 nec
419 860 542 916 flammea
551 860 639 916 sidera
653 858 753 915 coelum
806 898 817 916 ,
917 858 950 913 Et
963 859 1042 913 uelox
1053 862 1203 930 prorumpit
1213 876 1311 932 equus.
1326 877 1410 931 pecus
1422 863 1489 918 utils
1498 863 1585 919 bellis.

81 951 230 1008 bsdtmnt
241 966 403 1023 quocunque
412 950 469 1019 die,
479 950 528 1006 sed
543 950 601 1006 luce
614 956 774 1019 premuntur
917 947 1000 1018 lmpia
1015 949 1149 1006 terribiles
1159 951 1282 1020 producit
1297 959 1367 1007 terra
1380 954 1487 1019 leones,

82 1041 195 1099 luminis
209 1043 332 1099 immensi
346 1042 450 1098 radiato
461 1041 563 1098 uertice
576 1039 681 1095 nunu.
916 1037 1078 1109 Simplicitas
1089 1041 1179 1096 ouium
1192 1041 1299 1096 fraudes
1310 1057 1420 1112 passura
1432 1044 1570 1112 luporum.

81 1132 126 1187 lise
138 1132 241 1187 mirum
253 1131 277 1187 si
290 1132 362 1187 clara
376 1130 459 1186 latent
472 1130 523 1185 sub
536 1128 594 1185 sole
606 1142 725 1185 corusco
917 1127 950 1180 lit
959 1144 1056 1184 munos
1071 1130 1158 1184 timuit
1168 1130 1320 1186 discurrens
1334 1131 1414 1187 dama
1428 1133 1576 1189 molossos.

82 1221 180 1286 Siden,
191 1238 246 1291 quo
256 1221 386 1278 mundum
398 1229 530 1277 monstrat
540 1234 665 1275 mensura
681 1219 824 1275 minorent.
916 1215 1029 1286 Spumat
1041 1233 1115 1288 aper,
1130 1228 1231 1274 mortes
1246 1218 1339 1275 lunato
1350 1219 1430 1277 dente
1450 1223 1580 1291 minatur,

80 1314 121 1381 Qui
135 1323 212 1368 toret
225 1313 287 1383 igne
299 1313 344 1383 pin
359 1313 468 1377 coelum,
482 1327 557 1367 mare
579 1311 680 1376 sidera,
698 1318 784 1366 terras
802 1349 810 1362 .
917 1305 951 1360 Et
961 1306 1030 1361 latus
1041 1307 1182 1376 obliquans
1191 1308 1336 1363 meditatur
1348 1309 1440 1378 praelia
1456 1318 1559 1377 torsus,

79 1405 240 1474 conceptum
251 1403 350 1459 virtute
364 1403 410 1458 bei
419 1418 500 1475 quem
512 1402 617 1473 sphera
629 1401 753 1472 polorum
916 1396 956 1450 Ac
970 1397 1076 1452 maxilla
1088 1398 1163 1452 lorus
1177 1399 1259 1454 duros
1273 1397 1406 1455 bdes‘arit
1420 1401 1448 1456 in
1460 1416 1560 1470 arnna,

77 1495 207 1564 isticce,
219 1502 249 1551 et
260 1495 343 1551 sentit
356 1494 497 1550 bominum
509 1509 557 1564 per
567 1501 665 1549 cuncta
680 1499 831 1554 tonantem,
916 1487 1051 1544 Audenter
1064 1497 1171 1544 certans
1184 1490 1336 1559 spumantia
1351 1488 1421 1545 bella
1435 1506 1555 1547 morere.

75 1587 157 1656 carius
171 1586 206 1642 ab
220 1586 334 1657 irnperio
344 1587 454 1644 veniunt
465 1601 632 1656 quecunque
648 1583 807 1640 ministrat:
916 1576 1040 1648 quuitur
1049 1593 1221 1649 omneqenus
1227 1579 1368 1649 pecudum.
1383 1594 1469 1650 penus
1476 1597 1556 1639 omne
1569 1582 1701 1651 serarum,

74 1676 169 1736 onnia
179 1675 272 1744 iussus
287 1677 351 1746 agit,
366 1684 452 1732 totum
466 1675 517 1731 sub
531 1676 590 1745 lsqe
601 1675 718 1737 laborat,
916 1667 989 1723 inter
1003 1676 1079 1738 prata
1092 1683 1187 1738 rapum
1200 1668 1274 1724 nullo
1287 1669 1399 1725 custode
1408 1685 1457 1741 per
1470 1671 1578 1727 herbas.

73 1765 151 1826 liles
160 1774 187 1821 et
202 1765 261 1835 ipss
274 1765 331 1832 ilci,
347 1780 408 1821 eum
419 1765 509 1819 lunam
522 1772 550 1819 et
558 1763 647 1819 sidera
657 1772 754 1818 cuncta
879 1739 904 1802 B
917 1761 1002 1817 instar
1015 1760 1114 1818 montis
1127 1761 1230 1816 babens
1241 1760 1340 1816 insedit
1353 1757 1439 1817 bestia
1452 1763 1543 1827 mole;

74 1860 209 1922 &mutan
223 1857 350 1916 suburere
362 1870 445 1922 nouo,
460 1854 510 1910 sub
524 1862 645 1923 ternpore
659 1854 758 1923 primo,
914 1852 1050 1906 Promitur
1062 1851 1157 1919 annuis
1169 1851 1256 1918 bians,
1266 1851 1390 1919 quatiens
1399 1852 1448 1905 sub
1459 1850 1540 1906 deute
1551 1865 1700 1918 venenam.

77 1947 134 2006 nub
145 1947 232 2002 tirone
245 1946 291 2002 die
304 1955 430 2004 veterana
443 1947 470 2000 in
482 1946 561 2002 saecla
576 1953 701 2014 paratus.
914 1943 948 1998 Et
962 1942 1099 1997 maculosa
1113 1942 1183 2011 repit
1194 1942 1314 2010 squamis
1328 1941 1489 2011 perviscera
1501 1955 1625 2012 serpeus,

115 2038 190 2094 addit
202 2038 295 2108 quinta
306 2036 365 2093 dics
374 2036 499 2092 animalia
513 2044 609 2092 cuucta
625 2033 765 2105 prolandi.
914 2036 977 2088 Atra
992 2046 1096 2088 venena
1109 2047 1209 2088 nocens
1225 2033 1338 2088 missura
1353 2033 1486 2090 edatibus
1508 2034 1575 2100 oris.

85 2132 114 2184 ln
124 2142 215 2197 corpus
226 2127 377 2184 solidentur
389 2141 477 2196 aquae,
494 2127 624 2197 neruique
637 2126 753 2195 ligantur
770 2140 789 2191 :¹
913 2121 947 2176 Et
960 2123 1050 2177 sultito
1062 2138 1186 2192 sparsura
1201 2136 1297 2190 graues
1311 2137 1360 2192 per
1378 2124 1456 2178 sibila
1467 2130 1582 2187 mortes,

92 2217 209 2273 ducatus
223 2217 320 2272 bumor
333 2224 403 2285 erat,
418 2216 516 2272 ductus
530 2215 650 2272 durescit
662 2217 688 2269 iu
699 2230 772 2280 ossa,
851 2232 854 2238 ·
913 2213 1002 2282 smne
1015 2214 1110 2268 eadem
1123 2212 1251 2268 membris
1262 2212 1429 2282 impertitura
1440 2213 1571 2269 medelas.

98 2306 167 2372 utque
179 2304 248 2361 oculi
261 2314 431 2373 gemmantur
441 2305 518 2374 aquis
529 2305 642 2359 bunuore
654 2306 756 2373 gelato,
948 2301 1001 2356 Sed
1017 2317 1050 2356 ne
1064 2311 1161 2358 cuncta
1174 2301 1254 2358 simul
1268 2303 1367 2373 passim
1384 2311 1395 2339 ⁰
1409 2303 1540 2373 permista
1555 2301 1681 2370 luissent,

101 2391 189 2463 litqmt
201 2402 264 2449 scrut
280 2394 388 2461 fluctus,
405 2401 446 2449 tot
457 2392 544 2449 forsan
559 2394 586 2448 in
600 2408 710 2463 aequore
727 2394 825 2464 pisces.
912 2393 1052 2448 distribuit
1065 2393 1124 2449 loca
1134 2402 1208 2448 certa
1223 2393 1302 2460 Deus,
1318 2404 1347 2450 et
1360 2404 1482 2466 tempora
1497 2396 1564 2450 lixit.

104 2477 299 2538 lmcrnutlluido
313 2497 362 2554 per
376 2485 475 2540 caerula
490 2491 565 2541 rasta
577 2493 682 2550 natatu,
913 2483 1046 2553 Tempore
1060 2499 1114 2538 non
1129 2501 1183 2541 uno
1197 2486 1306 2540 seruiunt
1321 2500 1381 2556 qun
1395 2501 1466 2542 seva
1480 2495 1611 2542 rorantur
1626 2503 1635 2542 s

106 2569 129 2625 it
135 2575 254 2646 crispante
267 2574 338 2632 freto
349 2577 499 2646 perllabant
513 2575 624 2631 naribus
635 2576 731 2640 undas,
913 2574 971 2630 Nou
985 2591 1092 2644 semper
1103 2586 1194 2632 moret
1204 2593 1277 2632 arma
1292 2577 1344 2643 leo,
1360 2593 1411 2634 nec
1421 2579 1545 2649 scorpius
1558 2578 1642 2634 iatum

107 2659 226 2733 inruens
242 2665 347 2722 lactura
361 2666 437 2722 cibos
449 2676 510 2736 post
524 2676 623 2723 cuncta
637 2667 772 2723 creandis.
912 2665 1025 2735 Semper
1037 2667 1127 2734 habet,
1138 2682 1189 2722 nec
1199 2683 1307 2738 semper
1319 2670 1374 2738 agit
1387 2670 1442 2725 lera
1458 2671 1548 2740 uipera
1562 2685 1680 2740 morsus,

131 2747 191 2808 lutis
200 2754 263 2811 inde
275 2757 370 2811 volans
382 2771 449 2827 qens
462 2756 567 2827 plumea
581 2757 641 2811 laeta
656 2772 704 2828 per
718 2772 808 2824 auras,
912 2757 968 2814 Nec
980 2771 1086 2826 semper
1101 2757 1199 2813 tollunt
1208 2759 1242 2812 ad
1256 2759 1367 2814 vulnera
1378 2759 1448 2816 eolla
1463 2771 1586 2815 cerastae.

106 2835 154 2893 den
165 2843 318 2900 concutiens
333 2843 430 2915 pennis
442 2845 593 2915 crepitante
607 2844 708 2910 uolatu,
912 2844 971 2901 Non
985 2860 1093 2916 semper
1103 2844 1168 2901 lurit
1178 2846 1248 2901 unda
1261 2848 1341 2902 nnris
1355 2845 1379 2913 ἅ,
1395 2864 1448 2904 non
1464 2864 1575 2925 semper
1587 2850 1675 2905 adurit

106 2926 187 2999 ltpun
198 2934 353 2991 collaudant
362 2935 502 2991 Dominum
516 2936 647 2992 meruisse
658 2936 754 2993 creari.
912 2936 983 2992 Solis
996 2937 1093 3006 ubique
1107 2938 1198 3002 ealor;
1214 2952 1264 3007 pro
1278 2945 1401 3007 ternpore
1416 2946 1551 3006 temperat
1561 2939 1647 3008 ignes,

106 3014 137 3072 lle
147 3021 215 3080 aireo
228 3024 346 3082 candore
358 3025 454 3093 nitent,
469 3026 519 3081 bas
534 3041 652 3097 purpura
664 3027 754 3094 restit,
914 3029 966 3082 Pro
979 3028 1090 3095 regione
1102 3027 1187 3098 piaque
1196 3034 1379 3096 contemperat
1390 3025 1462 3081 unda
1472 3042 1610 3098 vaporem,

105 3102 246 3172 ”duacena
256 3113 354 3186 ptume
365 3115 441 3172 color
454 3124 506 3182 est,
521 3117 570 3172 bas
584 3132 682 3174 aureus
697 3126 788 3190 ornat,
876 3089 900 3152 C
914 3118 948 3173 Et
958 3118 1039 3175 modo
1052 3119 1183 3174 bellantes
1196 3119 1292 3174 linctus
1302 3118 1369 3173 freta
1379 3118 1457 3188 piqra
1472 3117 1609 3187 jacebunt.

105 3197 205 3261 illectas
218 3205 279 3263 aliis
292 3221 388 3276 pennae
398 3205 548 3263 solidantur
561 3209 664 3276 ocellis,
912 3209 971 3280 ipsc
984 3211 1072 3282 polus,
1083 3211 1129 3280 qui
1143 3210 1245 3281 grande
1263 3217 1347 3275 tonat,
1362 3211 1421 3267 siue
1431 3211 1502 3266 nube
1516 3225 1630 3270 serenus

104 3293 167 3362 itque
177 3297 336 3371 hyacintbus
350 3298 427 3356 adest
436 3300 563 3370 pernulla
576 3308 603 3354 et
614 3310 725 3372 pectora
736 3300 859 3374 lulqem:
910 3299 970 3357 laun
985 3309 1065 3366 tacet.
1077 3310 1105 3357 et
1119 3312 1210 3372 tpuro
1228 3303 1341 3358 redeunt
1352 3317 1401 3358 sua
1412 3302 1512 3357 lumina
1526 3303 1608 3359 coelo.

102 3375 185 3440 iniust
196 3386 375 3444 ffldrisntus
386 3403 466 3459 apex,
477 3388 526 3445 bas
540 3389 629 3460 linqua
640 3390 761 3463 decorat,
948 3391 1030 3447 biulta
1041 3390 1107 3446 locis
1121 3391 1184 3447 data
1194 3400 1256 3450 sunt
1270 3393 1350 3449 uariis
1364 3392 1484 3463 dispersa
1496 3407 1544 3465 per
1556 3393 1661 3450 orbem.

101 3470 244 3536 llssriridss
257 3495 353 3551 pennae
366 3480 491 3558 reddunt,
504 3482 553 3538 bas
565 3482 771 3539 discolorornat
876 3477 879 3482 ’
912 3480 993 3536 uirida
1007 3480 1129 3553 ripereos
1142 3496 1243 3557 augures
1261 3483 1380 3553 suscepit
1396 3498 1488 3552 arena,

97 3558 163 3622 llutu
176 3584 223 3639 per
235 3570 392 3627 innumeras
407 3585 517 3628 currens
535 3573 638 3644 pictura
655 3572 777 3631 uolucres
911 3569 1024 3625 Humida
1036 3572 1147 3627 sortitur
1157 3573 1234 3628 tellus
1244 3574 1300 3628 iera
1311 3574 1379 3630 colla
1393 3574 1521 3640 leonum;

91 3648 223 3714 Ettestbus
233 3666 340 3716 munem
350 3659 496 3716 subtexunt
510 3676 572 3717 aera
583 3661 690 3733 plumis.
911 3661 986 3717 ludia
1000 3677 1060 3717 cum
1074 3661 1187 3731 gemmis
1200 3670 1228 3717 et
1246 3663 1365 3719 eburnea
1380 3675 1502 3720 monstra
1516 3664 1643 3721 minatur.

88 3737 140 3812 'psa
150 3748 204 3805 dies
216 3746 309 3805 lolium
323 3750 416 3818 rama,
429 3759 456 3806 et
467 3750 578 3808 floribus
592 3753 688 3809 barbas
913 3753 1004 3809 bellua
1017 3753 1121 3809 diuinos
1135 3753 1205 3810 inter
1219 3762 1364 3822 generatur
1379 3755 1487 3821 odores,

75 3822 192 3905 Euenit,
202 3846 231 3893 et
241 3832 323 3908 sp'icis
338 3839 412 3895 acuit
424 3853 502 3910 scqes
516 3844 605 3899 omnis
615 3844 726 3899 aristas.
911 3844 1119 3914 Ambrosiasque
1131 3845 1202 3916 sapit
1216 3846 1286 3901 male
1296 3844 1422 3916 frangens
1434 3846 1519 3902 bestia
1530 3860 1642 3914 messes,

73 3918 153 3980 Sira
163 3928 251 3984 comis
262 3929 359 3984 uestita
373 3933 452 3999 viret,
467 3933 599 4003 nidosque
613 3934 743 4004 loquaces
911 3937 1085 4007 incertusque
1099 3937 1175 3994 color
1190 3939 1265 4007 tigris
1275 3954 1323 4009 per
1335 3937 1409 3994 mille
1422 3939 1527 3994 colores

62 4004 203 4088 Excitet,
213 4027 242 4074 ct
255 4021 344 4077 uarias
354 4021 481 4078 decantat
492 4025 598 4094 qarrula
610 4042 703 4083 voces.
910 4026 1047 4084 ilentibus
1061 4027 1190 4101 Hyrcanis
1202 4030 1286 4096 uenit,
1305 4028 1315 4068 l
1331 4036 1412 4098 atque
1424 4029 1504 4084 clieta
1515 4028 1612 4083 marito

59 4095 147 4161 Cum
159 4110 314 4180 mqabnnda
326 4111 403 4167 solat
414 4115 556 4170 commotis
569 4115 707 4185 plausibus
720 4117 786 4184 ales,
911 4118 1033 4184 blittitur,
1048 4127 1078 4175 ut
1089 4120 1178 4176 vincat
1187 4135 1299 4176 currens
1313 4120 1407 4175 orbata
1427 4118 1571 4188 procellas.

51 4176 226 4255 ¹frondibus
239 4201 359 4257 insidens
372 4210 453 4258 rento
466 4218 526 4259 cum
543 4202 638 4261 lronde
652 4216 787 4274 moretur,
910 4206 1044 4264 Cornibus
1056 4211 1154 4266 erectis
1167 4210 1262 4264 sortita
1276 4217 1318 4264 est
1330 4208 1418 4264 Africa
1430 4208 1535 4271 damas,

47 4262 214 4356 Quartum
226 4289 261 4346 ad
273 4304 364 4348 ramos
374 4289 454 4347 inlita
470 4293 610 4349 tenacibus
624 4283 744 4353 baer‘ens.⁴
912 4296 1035 4353 Concava
1047 4298 1196 4368 suscipiunt
1208 4312 1258 4368 per
1270 4306 1376 4353 montes
1388 4313 1453 4352 saxa
1465 4296 1607 4354 dracones.

40 4351 255 4447 1’etruriqernm
271 4395 384 4436 semare
397 4395 491 4439 nemus
504 4398 589 4453 vapor
600 4394 679 4456 urget
692 4385 718 4441 in
734 4401 799 4442 usus
875 4388 1014 4480 „Caetera
1027 4387 1162 4443 distribuit
1171 4386 1284 4443 dirersis
1297 4389 1399 4443 semina
1413 4388 1490 4442 terris
1504 4406 1511 4442 :

36 4446 209 4535 *inillis
222 4476 251 4525 0⁸
261 4471 335 4526 molli
349 4471 493 4527 durescunt
507 4489 557 4529 ott
569 4483 674 4544 tepore.
915 4481 1036 4537 Plurima
1050 4482 1200 4551 conjunxit,
1215 4481 1261 4537 sed
1276 4481 1378 4553 cespite
1391 4482 1475 4536 multa
1489 4481 1606 4537 diremit.

35 4530 232 4615 ¹’struantur
242 4561 533 4632 tuncmetnbraqlnbis,
545 4565 709 4632 animantur,
718 4567 857 4637 anhelant,
949 4571 1059 4626 llumra
1072 4581 1202 4642 practerea
1216 4571 1362 4626 funduntur
1373 4571 1463 4627 diuitis
1472 4574 1530 4627 auri
1545 4590 1552 4624 :

44 4622 257 4718 ¹¹Rumpuntur,
272 4647 410 4706 confracta
424 4661 533 4718 sonant,
550 4655 650 4710 nutrita
666 4657 774 4713 rotatus
914 4662 1029 4718 Protulit
1041 4663 1154 4717 eximias
1171 4672 1183 4710 s
1198 4661 1325 4716 illustrior
1338 4661 1411 4717 ludia
1421 4676 1551 4731 gemmas,

43 4718 201 4809 Teutam,
216 4750 245 4797 et
256 4741 368 4796 rudibus
379 4742 511 4798 librantur
520 4745 548 4799 in
558 4759 622 4801 aera
637 4748 742 4817 pennis.
913 4750 1067 4809 Producunt
1085 4751 1178 4805 nireos
1191 4758 1219 4806 et
1233 4749 1324 4806 littora
1344 4751 1424 4806 rubra
1439 4750 1554 4822 lapillos.

54 4812 135 4882 Sed
145 4844 202 4886 curn
215 4832 370 4887 discordent
382 4833 452 4887 inter
465 4847 495 4888 se
509 4835 642 4891 elementa
656 4847 760 4903 coacta,
913 4841 1095 4896 Flammantes
1105 4840 1257 4909 uiridesque
1272 4841 1334 4897 tulit
1353 4842 1498 4915 Babylonia
1524 4851 1641 4906 crustas,

64 4905 185 4978 Fetibus
198 4924 305 4995 eductis
315 4923 482 4979 concordant
494 4924 564 4979 unda
580 4926 621 4982 rel
636 4928 721 4997 iqnis;
913 4931 1022 4987 l’ersida
1038 4931 1162 4988 nobilitat
1170 4931 1296 5001 pretiosis
1307 4933 1398 4988 littora
1412 4933 1535 5003 gemmis,

75 4996 153 5067 blnda
163 5022 238 5070 creat
250 5015 384 5080 uolucres,
397 5015 521 5086 producit
535 5015 641 5075 damma
654 5022 788 5079 uolucres.
914 5021 1035 5092 Frigidus
1047 5031 1074 5078 et
1089 5038 1168 5080 roseo
1182 5023 1360 5080 carbunculus
1374 5023 1450 5079 ardet
1462 5024 1574 5078 bonore.

89 5086 175 5158 Paula
189 5106 291 5160 noctis
301 5113 390 5172 erant,
405 5105 452 5162 sed
463 5121 516 5162 non
531 5110 577 5178 qui
592 5123 718 5179 pasceret
727 5114 826 5172 herbas
912 5110 993 5167 Seres
1010 5111 1053 5167 sslt
1066 5113 1174 5168 trabunt
1187 5113 1261 5168 nullo
1270 5115 1320 5169 sub
1335 5112 1432 5183 pollice
1441 5112 1532 5180 lucu.

98 5183 184 5260 &dium
200 5194 308 5273 intactae
317 5198 469 5253 senuissent
481 5198 591 5255 duribus
604 5199 706 5267 herbae,
913 5201 1033 5257 balsama
1048 5200 1186 5258 Caesareos
1196 5204 1301 5273 plorant
1314 5201 1428 5270 virgulta
1439 5214 1487 5270 per
1498 5213 1587 5270 agros,

102 5269 122 5329 Νἰ
131 5285 253 5347 tacenda
268 5284 345 5342 daret
359 5287 565 5358 tettrnjuneuta
581 5305 731 5362 peragras.
913 5292 946 5348 iit
958 5292 1036 5349 nimis
1046 5293 1208 5350 ambrosium
1224 5291 1348 5362 lacrymae
1361 5290 1426 5347 daut
1435 5304 1532 5346 anunm
1544 5286 1558 5327 ¹²
1572 5287 1692 5347 odores:

127 5464 190 5530 'tt.‚
201 5468 317 5521 samm.
949 5479 961 5509 ⁶
975 5475 1031 5548 Ab,
1045 5493 1122 5548 paru.

127 5526 193 5600 lull„
207 5536 323 5590 destituit
950 5541 960 5582 ¹
976 5546 1031 5612 Al..
1051 5550 1097 5600 Ar.

127 5603 193 5671 ‘dl.‚
205 5622 252 5675 per
266 5617 351 5676 prata.
949 5622 962 5660 ⁸
976 5616 1031 5679 nt,
1046 5615 1196 5669 industrior.

127 5668 193 5743 lib,
206 5691 263 5732 nse.
950 5681 963 5720 ἢ
979 5686 1033 5754 ΑΙ.,
1047 5685 1143 5740 oderis.
