3788 6126
212 408 267 462 itis

205 524 313 582 bontas
327 522 458 590 retundis,
470 521 640 578 muculentos
651 519 749 589 ellicis,

210 614 341 671 'l'remore
351 613 422 668 toeno
434 626 532 680 corpus
546 625 626 666 omne
638 612 775 679 succutis„

214 708 315 763 Febres
327 703 447 765 minaris.
461 710 490 758 et
502 703 610 760 dolores
622 702 720 771 ingeris

241 793 300 849 ¹l’er
314 799 341 848 te
355 792 473 863 podagra
485 791 550 847 dura
563 792 650 863 gignit
663 796 767 860 tubera,

151 946 156 955 f
212 881 313 937 Anhela
328 880 408 936 tussis
417 881 522 949 exspuit
537 879 672 951 putrillua,

211 973 307 1029 Cntem
319 971 572 1042 peruritrulnernm
588 971 718 1041 prolusio,

212 1064 295 1119 Polus
305 1063 411 1133 cibique
420 1063 496 1118 ,nulla
511 1063 664 1128 delectatio,

212 1158 340 1212 Lamenta
351 1157 409 1213 sola
421 1161 565 1210 conterunt
576 1154 712 1211 solatium

248 1248 309 1302 llaec
324 1245 432 1300 taediosa
449 1254 538 1300 mente
552 1244 615 1300 dum
630 1246 759 1314 recogito,

211 1334 300 1402 Libet,
315 1334 416 1390 relictis
429 1334 552 1390 omnibus
565 1349 625 1404 quac
640 1344 791 1404 transeunt,

212 1427 295 1483 beunn
307 1425 411 1490 timere,
425 1424 587 1495 sempiterna
602 1439 735 1494 quarere,

212 1516 413 1572 Terrenalucra
424 1514 553 1584 deputare
568 1515 718 1584 puluerem,

210 1608 296 1662 Orare
307 1619 424 1675 semper,
438 1612 519 1672 atque
530 1600 619 1661 llendo
633 1606 726 1661 dicere
741 1623 748 1659 :

147 1706 149 1709 ·
248 1695 326 1752 libito
339 1699 445 1775 pessum
471 1709 538 1749 rnna
552 1694 760 1762 mundinandin,

212 1788 283 1857 Opes
293 1783 411 1849 caducan,
424 1784 560 1839 luculenta
575 1786 685 1856 praedia,

214 1877 320 1938 Fasces,
336 1877 462 1937 bonores,
476 1872 659 1930 blandimenta
673 1876 764 1930 noxia.

212 1964 270 2018 lam
286 1963 345 2018 linis
359 1961 452 2028 instat,
466 1968 494 2016 et
508 1961 585 2016 ruina
600 1963 734 2033 proxima,

213 2052 270 2108 iarn
283 2066 355 2107 mors
368 2059 479 2106 cruenta
494 2057 586 2106 nostra
597 2052 687 2123 pulsat
700 2052 802 2109 limina.

213 2184 235 2240 0
249 2202 320 2242 mors
333 2185 502 2251 omnivorax,
518 2184 551 2240 ad
567 2193 594 2240 te
606 2200 677 2242 nunc
690 2195 767 2242 verto
779 2186 929 2257 querelam,

248 2277 303 2331 Cur
317 2277 444 2331 misorum
459 2275 597 2345 sequeris?
611 2290 660 2331 cur
676 2284 690 2313 ⁸
706 2275 876 2347 properando
889 2276 984 2331 renis?

214 2367 255 2421 Tu
269 2365 334 2422 lacis
348 2371 377 2421 ut
387 2364 481 2435 rapido
495 2364 637 2421 volvantur
649 2373 770 2434 tempora
784 2378 874 2430 cursu,

248 2449 458 2524 accelerentque
470 2469 535 2511 suos
545 2454 599 2509 lata
611 2461 722 2510 cruenta
731 2454 841 2524 gradus.

212 2545 280 2601 Cum
295 2546 509 2615 tudeproperas,
525 2552 589 2599 tunc
604 2543 617 2582 l
632 2545 693 2600 vitm
705 2544 801 2613 gaudia
815 2551 930 2607 amsani,

250 2629 347 2686 Umbra
360 2629 482 2700 pavenda
495 2629 580 2696 venit,
594 2629 640 2685 lus
654 2630 756 2687 radiata
772 2631 850 2703 sugit.

213 2718 308 2776 Omnia
321 2720 395 2777 vitali
408 2719 548 2791 privantur
559 2721 661 2776 uiscera
675 2731 759 2785 motu,

248 2811 416 2868 Clauduntur
429 2811 510 2877 oculi,
524 2810 631 2881 garrula
642 2811 730 2880 lingua
743 2819 824 2868 tacet.

213 2901 380 2958 surdescunt
393 2900 494 2970 patula
507 2912 518 2940 ⁰
534 2900 620 2956 tunsis
633 2901 796 2956 anfractibus
807 2917 898 2966 aures,

247 2990 361 3047 Naribus
374 2990 492 3051 obclusis
505 3005 560 3046 non
572 2990 641 3046 odor
654 2991 724 3047 ullus
737 2992 824 3047 adest.

212 3084 270 3140 lion
282 3085 367 3154 spirat
380 3083 472 3153 pulmo
485 3080 575 3137 llabris
589 3081 713 3138 vitalibus
728 3096 820 3151 auras,

212 3269 286 3325 labe
295 3267 384 3325 fluunt
395 3264 661 3330 carnes-corrodunt
674 3265 763 3320 omnia
779 3280 892 3334 vermes,

248 3358 294 3415 Sic
303 3355 409 3426 species
420 3354 537 3408 bominis
550 3352 579 3407 llt
594 3352 741 3423 putrefacta
752 3355 828 3410 cinis.

211 3451 292 3506 liulta
306 3445 426 3519 pavenda
436 3445 543 3515 quidem
558 3445 655 3510 cecini,
667 3447 680 3483 ‘⁸
691 3461 740 3502 seu
752 3448 835 3503 unulta
848 3449 1001 3517 tremenda;

249 3538 302 3596 Sed
318 3550 395 3606 mage
406 3537 468 3607 qnid
481 3549 586 3603 uerear,
601 3550 672 3591 nunnc
684 3535 856 3610 lacrymando
868 3539 972 3608 loquar.

204 3632 313 3689 -ludicis
327 3630 466 3686 altithroni
477 3629 536 3699 jam
549 3630 633 3685 tristis
642 3645 726 3686 cerno
741 3631 869 3699 tribunal,

248 3724 332 3794 Cuius
346 3732 357 3761 ⁸
369 3723 402 3788 ad
413 3722 537 3777 intuitum
552 3731 646 3778 cuncta
656 3731 752 3779 ereata
765 3731 894 3780 tremunt.

177 3862 182 3867 .
206 3814 369 3873 substernit
381 3813 473 3869 niveas
486 3812 616 3871 coelorum
631 3815 710 3869 turba
723 3828 849 3878 coronas,

250 3905 283 3960 Et
297 3904 431 3960 titubante
442 3916 513 3972 genu
528 3903 631 3973 proruit
643 3913 706 3958 aitte
719 3904 855 3960 thronum.

214 3997 334 4053 Cernere
345 3994 385 4052 sic
393 3993 479 4049 ambit
491 3993 644 4058 bominum,
656 3993 678 4048 si
692 4007 799 4064 semper
812 4010 913 4060 amare,

251 4082 285 4140 bt
299 4083 386 4155 pulset
400 4082 520 4138 animum
534 4083 629 4138 mistus
643 4096 735 4138 amore
750 4083 841 4138 timor.

209 4177 283 4246 Quid
295 4177 375 4233 laciet
386 4190 450 4246 ergo
464 4176 574 4242 uerutis,
589 4177 711 4247 putredo,
725 4178 827 4243 lanilla,

253 4268 280 4323 si
292 4266 392 4322 Christi
404 4264 502 4323 sacient
515 4267 596 4321 corda
608 4267 686 4323 beata
700 4272 818 4338 pavent?

216 4356 358 4425 Oppressi,
374 4355 461 4425 rapui,
477 4354 707 4423 nudaricrimlna
725 4358 734 4396 ¹
750 4357 827 4423 bnsi,

255 4448 382 4518 Pauperis
394 4446 428 4502 ad
442 4462 535 4503 rocem
551 4463 626 4504 mens
640 4464 699 4504 mea
712 4451 792 4506 surda
807 4451 867 4508 luit.

214 4538 331 4608 Corrupi
345 4538 481 4608 proprium
494 4539 594 4594 lasciuo
609 4539 718 4597 rtrlnnere
731 4558 840 4614 corpus,

255 4638 266 4675 t
280 4627 329 4682 llic
342 4628 433 4693 miser,
448 4627 512 4683 hinc
527 4629 645 4697 pavidus,
657 4631 720 4687 binc
734 4636 911 4692 tremulentus
926 4652 970 4693 eo.

218 4716 297 4773 llnlla
310 4731 384 4771 meas
395 4730 513 4785 unquam
529 4718 604 4772 nenia
619 4723 785 4789 compescuit
800 4723 865 4791 iras,

257 4806 310 4861 llec
324 4806 381 4861 sine
395 4803 455 4861 lelle
468 4803 569 4869 lunens,
584 4823 635 4862 uec
645 4809 704 4864 sine
717 4813 791 4868 carde
805 4811 853 4870 lui.

219 4896 286 4950 lndc
302 4903 381 4965 paret
395 4896 500 4950 animus
513 4896 614 4953 similes
627 4913 661 4954 ne
676 4900 794 4968 perlerat
807 4903 886 4974 ictus,

260 4987 312 5039 Ant
326 4999 404 5053 poena
418 4985 518 5041 laceret
530 5001 589 5056 qum
600 4987 659 5042 sine
672 4986 725 5044 line
741 4999 831 5049 nocet.
871 4979 876 4987 ’

223 5076 289 5129 liant
304 5074 366 5129 licet
380 5075 424 5130 bic
437 5072 542 5130 modico
556 5083 696 5145 patrentur
706 5084 832 5148 tempore
846 5082 954 5153 probra,

259 5169 348 5232 tonna
364 5173 454 5218 minen
467 5165 584 5220 animam
598 5174 660 5235 post
673 5167 743 5223 male
757 5168 863 5225 llamma
876 5181 987 5228 cremat.

223 5257 299 5310 Talia
313 5255 375 5310 dnm
391 5257 442 5310 rite
455 5267 550 5323 pareo,
564 5256 627 5310 dum
639 5257 721 5312 corde
737 5265 870 5317 tremesco

261 5347 273 5381 n
289 5344 328 5400 Te
341 5353 376 5408 te,
389 5358 494 5399 summe
507 5342 588 5410 Deus,
603 5361 652 5417 pro
665 5347 764 5417 pietate
778 5359 851 5420 peto.

257 5463 269 5487 ³
285 5453 338 5517 Ab,
353 5461 504 5522 properate.

256 5522 270 5561 ¹³
285 5521 341 5590 Al,
355 5527 406 5576 uita
418 5532 443 5576 et
454 5524 561 5592 pandis.

259 5604 269 5630 a
286 5591 341 5659 nt,
355 5594 429 5646 tusis.

257 5660 269 5697 l
284 5660 339 5727 st,
352 5663 491 5734 multantes.

256 5741 272 5766 ·
288 5730 341 5794 Ab,
354 5731 499 5786 introitura.

256 5795 271 5836 ί
284 5797 339 5867 tt,
349 5800 409 5870 fiai.

737 408 856 465 SANCTl
876 407 1016 466 ducenti
1035 410 1140 470 lil'lSC.
1160 408 1328 466 Totbtatt

1008 527 1034 588 Α
1047 522 1085 578 Te
1100 522 1158 578 sine
1170 537 1251 577 nemo
1263 522 1336 575 valet
1347 519 1449 589 peccati
1463 519 1558 576 tollere
1573 519 1671 583 labem,

1779 414 1832 469 sm

1085 611 1138 667 Aut
1152 619 1270 666 mentem
1284 609 1355 664 ritiis
1367 610 1518 663 emaculare
1531 609 1598 665 suis.

1049 701 1158 757 Dimitte
1171 701 1277 771 culpam
1287 711 1397 764 misero,
1410 699 1515 754 dimitte
1529 707 1644 764 reatuin,

1083 791 1164 848 Elllce
1178 799 1238 863 post
1250 791 1354 861 lapsum
1366 797 1427 859 post
1441 789 1510 842 tnala
1526 797 1600 843 tanta
1614 788 1728 867 bonurn.

1048 881 1133 939 Parce
1148 897 1242 954 precor
1255 882 1350 936 anime
1364 879 1492 949 pulsanti,
1505 891 1587 948 parce
1600 877 1714 947 petenti,

1083 972 1147 1038 Qun
1158 973 1280 1028 llammas
1292 971 1396 1036 metuit,
1410 971 1472 1024 dum
1484 985 1532 1024 sua
1544 968 1617 1023 lacta
1631 968 1725 1036 pennalt.

1047 1060 1150 1117 Gaudia
1164 1069 1192 1117 tu
1205 1064 1315 1128 sanctis,
1329 1068 1358 1115 tu
1370 1058 1459 1115 reddis
1473 1059 1582 1130 premia
1594 1058 1683 1126 justis,

1087 1156 1094 1192 ¹
1112 1153 1222 1223 Eugenii
1237 1151 1327 1208 miseri
1340 1151 1377 1208 sit
1390 1165 1456 1219 rogo
1468 1166 1546 1220 prena
1561 1150 1638 1205 lenis.

1117 1241 1203 1298 Nosse
1216 1241 1368 1312 quicunqne
1381 1240 1471 1308 cupis,
1487 1247 1532 1293 aut
1547 1238 1671 1308 requiris,

1118 1331 1182 1397 Quae
1193 1332 1246 1386 mei
1261 1344 1341 1385 caum
1356 1329 1435 1383 luerit
1449 1327 1560 1394 laboris,

1121 1421 1208 1491 liujus
1219 1428 1249 1476 ut
1265 1419 1326 1475 vitae
1338 1419 1408 1474 mala
1425 1418 1587 1481 lunerarcm,

1191 1512 1270 1567 Disce
1282 1511 1405 1580 benigne.

1120 1600 1188 1655 bnm
1202 1600 1385 1672 quaterdenos
1399 1599 1478 1656 simul
1491 1607 1519 1655 et
1532 1614 1651 1654 novenos

1120 1690 1180 1747 Vita
1195 1708 1249 1747 non
1264 1689 1326 1747 lelix
1340 1692 1454 1760 agitaret
1468 1705 1562 1755 annos,

1123 1781 1245 1850 Dumque
1257 1796 1300 1836 me
1313 1781 1387 1852 pigra
1401 1789 1506 1852 peteret
1516 1793 1642 1836 senectus

1189 1870 1313 1943 Praepete
1326 1887 1424 1939 cursu;
1741 1863 1743 1867 ’

1124 1964 1230 2021 accidit
1246 1964 1317 2020 lasso
1331 1965 1420 2034 gravis
1431 1963 1571 2034 aegritudo,

1121 2052 1254 2120 Qualem
1267 2054 1362 2131 mortis
1376 2054 1512 2108 minitaret
1526 2053 1618 2117 ictum,

1121 2141 1161 2198 Ac
1174 2141 1219 2198 diu
1232 2141 1302 2198 lessa
1314 2144 1448 2198 cruciaret
1460 2142 1515 2197 acri

1193 2234 1309 2290 llembra
1323 2234 1426 2290 dolore.

1122 2325 1216 2382 Febris
1232 2326 1334 2381 incerta
1349 2323 1501 2380 terebrabat
1517 2338 1590 2387 ossa,

1121 2416 1256 2487 bprrpuida
1273 2417 1280 2466 i
1300 2417 1393 2471 mortis
1407 2431 1470 2470 caro
1482 2415 1625 2482 delluebat,

1121 2505 1197 2561 Nulla
1210 2514 1367 2577 quassatum
1381 2505 1521 2562 recreabat
1535 2519 1608 2570 esca,

1191 2597 1268 2652 Potio
1284 2597 1368 2651 nulla.
1482 2615 1485 2621 ¹
1576 2659 1579 2663 ,

1121 2689 1207 2744 lanta
1221 2703 1264 2744 me
1276 2688 1370 2744 crebro
1385 2686 1453 2742 mala
1468 2685 1531 2742 dum
1544 2687 1666 2752 ferirent,

1122 2777 1216 2836 llortis
1230 2779 1369 2835 horrende
1382 2777 1501 2849 trepidus
1512 2791 1624 2848 pavore,
1641 2766 1643 2771 ’

1123 2868 1240 2924 babilam
1252 2852 1358 2922 currum
1372 2866 1496 2935 [ualentis
1509 2867 1571 2922 acri.

1191 2955 1317 3013 Carmine
1328 2955 1341 2994 l
1354 2958 1481 3029 prompsi.

1051 3081 1119 3140 xlll.
1135 3081 1259 3155 Ejusdem
1268 3093 1349 3137 metro
1363 3084 1492 3140 trochaico
1504 3084 1536 3139 de
1547 3051 1669 3138 breuitate
1680 3082 1758 3154 bajas
1769 3097 1845 3142 erte·

246 3176 355 3247 stillda
369 3175 599 3243 ffllfflbmlilflb
614 3175 919 3246 ¹¹⁰⁰⁶¹¹¹⁰flll⁸⁰0³¹⁹l
1016 3194 1201 3269 CCriminum
1217 3193 1289 3249 mole
1302 3201 1429 3264 pravatus
1443 3202 1471 3248 et
1485 3201 1560 3248 reatu
1573 3192 1691 3259 sancius,
1763 3217 1765 3222 ·

1054 3283 1169 3340 Carmen
1182 3284 1310 3340 insonare
1322 3283 1393 3339 nitor
1407 3283 1539 3340 luctuosis
1552 3284 1701 3354 questibus.

1055 3372 1192 3445 lacrymis
1205 3388 1253 3428 ora
1267 3373 1434 3441 madescunt,
1451 3374 1628 3429 verberantur
1642 3381 1766 3444 pectora,

1054 3463 1167 3519 blundus
1179 3478 1244 3520 ecce
1256 3471 1334 3519 natus
1344 3464 1425 3534 ae'ger,
1439 3472 1467 3519 et
1482 3464 1587 3520 ruinam
1602 3463 1719 3518 nuntiat.

1054 3538 1187 3623 Tempora
1201 3560 1278 3622 grata
1293 3551 1429 3622 lunantur,
1442 3553 1600 3622 ingeruntur
1614 3551 1743 3622 pessima.
1800 3574 1804 3579 ·

1053 3640 1148 3696 Omnia
1163 3641 1232 3697 mala
1245 3643 1440 3713 propinquant,
1456 3650 1487 3698 et
1497 3641 1569 3698 bona
1580 3641 1793 3713 praetervolant:

1055 3733 1157 3803 Eugeni
1171 3733 1284 3802 rtniselle,
1301 3734 1388 3805 plora,
1403 3733 1516 3802 languor
1526 3735 1607 3789 instat
1621 3731 1775 3801 improbus,

1055 3824 1115 3878 lita
1129 3824 1233 3893 transit,
1248 3823 1308 3880 linis
1321 3831 1408 3893 urget,
1423 3825 1463 3880 ira
1477 3823 1576 3895 pendet
1589 3822 1705 3880 ooelitum

1058 3911 1168 3968 ianuam
1183 3911 1270 3982 pulsat
1283 3919 1314 3967 ut
1329 3913 1412 3968 intret
1425 3912 1520 3968 mortis
1532 3925 1597 3968 ecce
1610 3909 1732 3966 nuntius.
1842 3956 1847 3966 .

1053 3999 1109 4057 Cur
1121 4001 1211 4071 inique
1222 4002 1390 4071 concupiscis
1405 4001 1472 4057 laisa
1487 4000 1578 4056 mundi
1591 3999 1709 4070 aaudiat

1055 4093 1110 4149 Cur
1123 4094 1225 4150 caduca
1240 4109 1294 4150 non
1308 4094 1447 4165 relinquis,
1463 4095 1550 4150 curris
1562 4093 1597 4148 ad
1612 4092 1763 4163 perennia?

1056 4184 1124 4238 llum
1139 4186 1208 4254 petis
1222 4186 1327 4241 tantilla
1341 4186 1425 4251 lucra,
1440 4186 1510 4240 dona
1522 4185 1612 4256 perdis
1627 4183 1757 4238 maxima.

1057 4273 1115 4338 llic,
1128 4274 1220 4341 miser,
1235 4273 1352 4330 luturum
1369 4276 1395 4330 in
1410 4276 1482 4331 luctu
1494 4275 1565 4346 qued
1578 4275 1623 4342 tibi
1638 4272 1786 4331 solatlurtt?
1848 4316 1852 4321 .

1057 4360 1176 4431 Nilboui
1190 4362 1311 4431 portabis
1324 4362 1378 4417 illic
1393 4377 1447 4432 quo
1462 4363 1571 4418 recedat
1588 4362 1665 4416 ultio.

1057 4448 1140 4506 Paene
1155 4461 1182 4506 te
1194 4453 1326 4508 cremabit
1337 4452 1447 4520 ardens,
1462 4452 1581 4509 anxiabit
1595 4451 1717 4521 spiritus.

980 4535 987 4540 ’
1018 4540 1140 4605 pileum
1153 4551 1190 4600 te.
1203 4541 1316 4608 miselle,
1331 4543 1435 4610 credet,
1450 4557 1529 4598 nemo
1543 4541 1739 4605 conminuunt,

1060 4632 1118 4687 Non
1131 4639 1268 4702 parentes,
1280 4640 1328 4686 ant
1343 4633 1495 4704 propinqui,
1507 4648 1561 4688 uon
1572 4631 1681 4688 sodales
1695 4629 1805 4701 optinui.

1005 4734 1009 4741 ·
1060 4722 1163 4777 Cuncta
1178 4730 1204 4779 te
1219 4722 1312 4792 procul
1326 4722 1447 4789 abibunt,
1460 4737 1521 4792 qum
1532 4723 1629 4778 amasti
1644 4718 1772 4775 dulciter.

1060 4813 1170 4883 corrige
1185 4813 1299 4869 crudelis
1312 4823 1384 4880 actu,
1399 4822 1475 4885 terge
1486 4828 1584 4871 notam
1598 4809 1718 4867 lletllsus.

1058 4901 1101 4957 Sit
1116 4901 1162 4958 tibi
1176 4917 1226 4973 pro
1240 4918 1308 4974 pane
1323 4904 1418 4968 luctus,
1432 4903 1557 4977 lacrymas
1570 4921 1620 4976 pro
1633 4909 1742 4974 gaudio.

1061 4993 1152 5048 Pande
1165 4993 1273 5048 Cbristo
1286 4993 1396 5062 probra,
1410 4993 1498 5048 cordis
1511 4994 1636 5065 ejulando
1648 4998 1768 5057 lletibus.

1061 5083 1181 5139 obeust
1195 5084 1293 5139 bonurn
1309 5097 1436 5151 perenne,
1451 5098 1558 5154 semper
1569 5089 1726 5155 exorabilis,

1060 5175 1148 5230 Cerne
1158 5171 1249 5229 lictum
1263 5173 1441 5243 profluentem
1456 5175 1490 5228 de
1504 5175 1628 5233 medullis
1640 5179 1753 5236 intimis.

1063 5265 1155 5321 Vincla
1169 5264 1310 5320 criminum
1325 5265 1439 5331 resolve,
1454 5279 1525 5334 pone
1540 5264 1619 5322 linem
1633 5269 1771 5343 lacrymis.

1061 5355 1130 5414 llolo
1144 5372 1198 5426 me,
1215 5368 1291 5426 pater
1305 5357 1414 5424 literni,
1428 5358 1564 5430 nrancipes
1575 5358 1708 5428 incendio,

1097 5479 1111 5517 s
1126 5471 1179 5538 Ab,
1194 5473 1264 5528 ltine.

1096 5537 1110 5576 l
1126 5540 1180 5608 ut,
1194 5542 1216 5593 A
1232 5552 1265 5597 te.

1099 5608 1179 5675 ¹sil,
1196 5609 1311 5683 [luponio
1325 5614 1426 5668 orirero.
1518 5673 1520 5676 ,

1099 5680 1107 5730 i
1126 5682 1179 5744 Al..
1193 5682 1299 5737 morlia.

1096 5749 1110 5788 ¹¹
1127 5751 1181 5820 tt,
1195 5754 1297 5823 manat.
