3766 6120
124 276 192 339 letl
685 277 783 336 lONAE
803 270 947 333 luellls
968 272 1182 336 ELNONENSlS
1693 286 1761 345 illie

124 414 238 471 remque
260 400 340 456 simul
361 398 469 455 audisse
487 394 640 453 dicentem:
656 397 840 464 Quodcunque
863 391 910 448 tibi
926 389 1035 449 deiros
1049 395 1095 465 qui
1114 396 1196 467 coepti
1221 394 1322 452 laboris
1341 394 1369 453 ia
1390 397 1480 457 studio
1499 398 1687 472 desudarent:
1709 407 1761 478 ipss

126 495 170 547 iric
183 493 224 547 air
238 491 337 546 dixerit
359 489 400 546 iac
411 506 419 556 ;
431 500 458 546 et
473 487 621 544 sarraberis.
635 486 707 544 lnior
720 500 784 557 ergo
805 485 914 542 auribus
964 498 1030 541 tero
1040 486 1073 541 ad
1085 487 1231 543 Luxovium
1244 502 1365 546 remeare
1378 491 1478 548 studet.

128 584 195 639 meis
208 595 268 651 qnae
283 581 348 636 milri
367 580 420 637 sint
440 578 626 644 custodienda,
642 587 669 634 et
684 578 736 633 tuis
750 577 913 633 orationibus
998 578 1025 634 l.
1040 575 1159 651 Cumque
1173 582 1224 636 iter
1246 591 1385 654 carperet,
1401 585 1474 641 uenit
1494 584 1531 642 ad
1555 586 1702 658 quemdam
1720 592 1755 649 ai·

125 672 195 744 pelle
216 673 336 728 dolorem
358 686 373 727 a
394 672 507 728 Delmino
531 672 643 727 illatum.
659 672 811 727 Prostratus
825 671 914 740 itaque
963 684 1023 725 rum
1044 671 1153 727 nomine
1173 670 1334 741 Godoinurn,
1350 676 1395 746 qui
1416 691 1450 733 eo
1473 687 1600 750 tempore
1624 680 1661 737 ad
1675 682 1755 741 vdua

123 763 205 818 bomo
217 777 280 819 eum
295 762 420 833 lacrymis
431 762 599 819 venerandus
613 763 653 818 vir
666 762 809 818 Dominum
822 770 914 833 postu·
963 776 1041 830 quarn
1058 760 1157 818 llosam
1171 762 1284 838 [Mense]
1299 777 1396 824 rocam
1416 767 1452 825 ob
1464 784 1576 828 amnem
1599 787 1636 829 eo
1655 774 1682 830 ιι
1703 776 1755 834 Ιιιι

123 857 161 909 lat
173 863 203 910 ut
217 855 363 924 pollicitum
378 870 474 911 mrrnus
484 854 614 919 infundat,
628 868 795 924 surgensque
806 867 913 908 crucem
963 850 1089 908 liuentem
1101 856 1265 914 morabatur.
1277 857 1302 914 ls
1314 873 1378 931 erge
1388 874 1451 918 curm
1463 863 1582 921 uidisset
1596 864 1753 938 Eustasiusq

122 961 203 1018 supra
226 947 320 1003 oeulos
342 946 483 1016 esprinrit,
504 953 533 1003 et
558 960 639 1001 manu
662 943 756 1001 oculos
782 943 914 1015 palpando
964 943 1035 998 reiut
1057 944 1240 1014 gratissimum
1265 964 1362 1005 munus
1384 951 1457 1008 domi
1479 955 1601 1026 recepit.
1625 954 1756 1031 ingressu

123 1038 229 1095 Domini
252 1038 405 1110 presidium
429 1038 525 1095 adesse
547 1039 670 1110 deplorat
692 1036 800 1110 [idere
814 1037 912 1106 implo-
963 1048 1029 1106 ergo
1044 1035 1183 1093 Eustasius
1197 1039 1317 1107 domum,
1334 1043 1473 1112 praemissa
1499 1044 1756 1121 benedictione„-

123 1141 163 1185 ιιι
165 1141 185 1203 q.
201 1131 325 1187 Protinus
339 1132 425 1188 salute
439 1138 531 1188 secuta
545 1130 636 1187 lumcn
653 1131 784 1195 redditur,
799 1129 913 1185 febrium
964 1126 1016 1182 seit
1037 1134 1066 1182 ut
1081 1127 1179 1184 liberos
1201 1144 1268 1201 qnos
1287 1129 1404 1190 babebat
1425 1146 1621 1205 representet.
1636 1137 1683 1195 lile
1698 1140 1756 1197 obe·

122 1225 193 1296 lguis
208 1223 324 1295 sugatur,
339 1223 524 1293 redditamque
544 1220 667 1292 sospitati
681 1221 761 1277 matri
776 1235 915 1277 commen·
963 1216 1052 1284 diens,
1066 1219 1134 1275 duos
1149 1218 1227 1276 boum
1244 1220 1340 1278 indolis
1360 1223 1458 1281 liberos
1468 1234 1666 1297 repraesentat.
1679 1230 1754 1299 Quem

122 1317 169 1372 dat
189 1325 218 1373 ut
232 1320 267 1372 alr
284 1314 444 1373 Cblotlrario
464 1315 574 1373 rediens
584 1311 720 1384 religiosis
735 1311 853 1369 restibus
867 1310 914 1367 in·
965 1310 1005 1366 sir
1021 1309 1070 1366 lici
1085 1311 1253 1381 interrogans
1268 1326 1276 1367 :
1293 1312 1350 1385 Est,
1366 1313 1464 1384 iuquit,
1478 1316 1525 1374 tibi
1543 1316 1637 1376 adbuc
1659 1320 1756 1391 proles!

120 1409 197 1464 duat.
964 1403 1010 1461 llls
1034 1403 1134 1462 latetur
1156 1415 1253 1476 prater
1267 1422 1348 1463 unam
1373 1409 1454 1466 liliam
1478 1411 1633 1470 luminibus
1646 1414 1755 1473 musra·

156 1500 185 1554 t.
199 1499 321 1568 Cumque
335 1507 409 1569 pater
431 1506 556 1554 cerneret
569 1494 690 1567 sospitati
714 1493 796 1550 illlam
817 1491 913 1551 seddi·
965 1495 1074 1553 nomlne
1092 1495 1268 1568 adalbergam
1289 1498 1501 1575 [S.rlabergam],
1517 1517 1552 1560 se
1574 1503 1693 1576 amplisu
1710 1522 1755 1564 naa

122 1601 195 1657 tarn,
216 1604 316 1660 sponso
341 1587 408 1645 tradi
432 1589 569 1655 decernit,
585 1586 769 1660 pollicitationi
793 1585 913 1656 pristinas
965 1586 1073 1644 babere.
1089 1586 1193 1657 Venus,
1208 1589 1302 1660 inquit,
1319 1589 1373 1647 illa.
1388 1591 1474 1661 Quam
1489 1609 1556 1651 eum
1573 1595 1696 1665 virliss«,
1709 1601 1755 1653 tel·

120 1700 218 1743 meam
231 1686 373 1742 oblivionis
387 1685 492 1741 lorcam
510 1685 639 1741 inlerens.
652 1683 711 1752 Quo
724 1683 814 1754 puella
836 1696 911 1738 com·
963 1680 1074 1736 scitatus
1087 1689 1130 1736 est
1143 1691 1231 1736 utrum
1247 1681 1374 1752 juvenilis
1394 1684 1503 1742 animus
1516 1685 1555 1741 ad
1567 1687 1674 1744 cultum
1684 1689 1756 1747 divini

120 1786 199 1850 perlo
213 1779 329 1834 credidit
342 1776 387 1835 nni
408 1777 493 1834 sodali
509 1776 739 1844 consilium-com
754 1789 806 1847 qua
822 1775 910 1846 lugam
927 1740 949 1802 Β
965 1770 1218 1840 timorisaspiraret.
1228 1771 1335 1828 adalim
1346 1784 1375 1828 ut
1388 1783 1480 1832 tenera
1491 1776 1624 1847 quiverat
1636 1788 1711 1846 atas,
1724 1778 1756 1834 ait

122 1871 191 1928 inire
204 1879 295 1942 queat.
310 1870 430 1942 Cumque
445 1869 489 1925 illa
503 1883 643 1926 assctrsum
652 1868 826 1940 praebuisset,
842 1867 913 1923 lelici
964 1876 994 1917 te
1010 1871 1128 1933 paratam
1141 1878 1203 1920 esse
1215 1864 1301 1921 saeris
1311 1867 1452 1933 praeconiis
1465 1869 1675 1939 obtemperare.
1687 1870 1756 1927 bedit

121 1962 181 2033 luga
194 1960 262 2017 clam
277 1962 374 2031 elapsae
386 1970 504 2030 arrepta,
517 1960 552 2015 ad
566 1959 702 2016 basilicam
718 1958 749 2019 Β.
765 1959 836 2014 Petri
849 1971 915 2027 spo-
964 1953 1011 2010 llle
1028 1969 1137 2024 operam
1152 1964 1181 2010 ct
1201 1970 1247 2025 per
1264 1957 1331 2013 duos
1345 1958 1402 2014 diss
1423 1958 1648 2032 ieiuniororpus
1659 1961 1754 2029 auseis,

61 2045 63 2049 ’
120 2057 251 2111 stolorum
265 2053 394 2125 principis
409 2062 597 2124 peruenerunt.
613 2052 672 2120 Quo
687 2059 762 2123 pater
775 2060 914 2121 comperto
964 2056 1080 2104 mentem
1091 2046 1459 2120 ddearmarit,superocnlos
1466 2053 1753 2112 benedictionlsolcon

122 2154 241 2218 pusteas
257 2143 347 2200 iurens
361 2141 453 2214 dirigit
471 2157 578 2213 pueros,
592 2141 915 2215 atquejubctutappre·
964 2136 1055 2194 elludit
1071 2157 1078 2193 :
1095 2143 1193 2195 meruit
1216 2141 1322 2198 taudem
1339 2158 1385 2212 per
1400 2146 1590 2202 interventum
1615 2146 1754 2204 amend

120 2237 232 2305 beraeam
249 2236 329 2291 liliam
343 2235 490 2292 crudeliter
510 2236 653 2305 perimant.
667 2232 817 2304 Pergentes
839 2235 913 2304 pueri
964 2231 1071 2286 caecitas
1096 2230 1185 2287 lumen
1215 2230 1326 2289 habere.
1348 2233 1559 2308 Redintegravit
1577 2253 1650 2310 ergo
1675 2237 1753 2295 diuisa

121 2329 219 2385 linibus
234 2328 300 2402 idi,
312 2327 427 2402 sinibus]
440 2328 560 2384 ecclcsiae
574 2327 689 2398 puellam
710 2335 844 2395 receptam
870 2340 912 2381 re·
965 2324 1051 2393 pietas
1065 2323 1217 2381 interventu
1233 2326 1327 2382 lamuli
1347 2327 1389 2384 sui
1404 2328 1521 2387 luminis
1536 2331 1652 2397 damna,
1663 2342 1693 2387 at
1705 2332 1753 2388 bae

122 2419 249 2490 periuut:
265 2429 293 2475 et
317 2418 454 2488 paulisper
473 2416 569 2474 morati
584 2426 614 2472 ut
635 2415 764 2488 genitoris
785 2416 824 2472 ira
840 2414 915 2471 lran-
964 2429 1024 2485 qua:
1037 2413 1126 2471 lumen
1144 2425 1291 2486 receperst.
1306 2427 1366 2488 post
1376 2418 1469 2475 diuina
1485 2421 1653 2477 munemel
1664 2420 1752 2477 curra

121 2520 240 2580 geretur,
255 2509 453 2566 comminantur
467 2508 561 2564 mortis
574 2507 732 2578 periculum.
746 2508 782 2562 Αι
804 2506 849 2562 illa
870 2506 914 2561 in·
966 2506 1070 2562 timoris
1094 2507 1139 2562 liei
1166 2507 1275 2564 uberius
1294 2511 1437 2578 aspiraret.
1451 2509 1524 2579 Qua
1538 2525 1699 2582 numaque
1715 2525 1754 2567 sa·

120 2601 198 2669 quit:
214 2600 326 2655 llortem
342 2615 385 2656 me
397 2597 541 2655 lormidsre
554 2596 673 2670 puratis?
688 2597 717 2654 ln
731 2597 782 2654 boe
792 2598 914 2655 ecclesia
965 2595 1162 2666 percstdininis
1176 2598 1312 2668 obsequiis
1324 2597 1433 2654 dedita:
1447 2614 1502 2657 nec
1514 2601 1609 2658 selom
1622 2615 1679 2659 sua
1690 2600 1752 2659 ulili-

120 2692 274 2760 parimeuto
288 2690 399 2761 probate
412 2709 418 2744 :
432 2691 467 2745 ob
480 2689 558 2747 talem
573 2687 674 2746 etenim
695 2702 803 2745 eausmu
827 2702 913 2746 orans
965 2687 1084 2753 tati,sed
1097 2687 1195 2743 stallis
1210 2688 1333 2758 providet
1344 2697 1510 2761 opportuna.

122 2791 239 2838 mortem
254 2779 355 2850 recipio
378 2794 472 2849 proco
486 2779 530 2849 qui
556 2793 603 2848 pro
624 2793 667 2834 me
688 2793 740 2833 oon
755 2777 914 2847 dedignatus
998 2776 1026 2834 5.
1040 2778 1106 2834 Cum
1128 2793 1285 2849 progressus
1310 2779 1374 2836 inde
1395 2792 1521 2850 emptum
1541 2781 1599 2839 ileu
1618 2789 1752 2853 peragere,

119 2885 162 2933 est
177 2872 325 2929 mirilico
341 2886 426 2936 nnora,
445 2869 476 2925 Β.
491 2867 632 2925 Eustasius
643 2876 755 2934 remeat,
771 2867 884 2938 puellum
898 2881 913 2922 a
963 2870 1104 2942 quemdam
1118 2869 1227 2927 tratrem
1244 2871 1345 2941 dgilem
1361 2873 1486 2938 nomine,
1498 2874 1550 2944 qui
1566 2872 1751 2930 modenule

120 2965 243 3023 custodia
267 2963 374 3033 liberat,
393 2971 497 3033 patrem
522 2960 676 3018 terribiliter
694 2959 833 3028 increpat:
850 2958 912 3015 reli·
962 2961 1037 3019 censi
1057 2961 1182 3017 coenobio
1196 2962 1292 3032 presul
1306 2962 1408 3026 existit,
1423 2963 1583 3020 uehemens
1597 2962 1706 3020 lebriam
1718 2962 1751 3034 ig·

120 3058 208 3130 gionis
223 3066 297 3113 veste
312 3071 360 3126 per
383 3054 536 3127 pontillcem
553 3053 626 3109 urbis
641 3053 711 3109 illius
725 3051 910 3108 Gundoaldum
924 3077 951 3148 c
966 3053 1009 3109 nis
1026 3051 1149 3123 arripuit.
1167 3053 1253 3121 erem
1276 3054 1415 3109 Eustasius
1436 3054 1544 3124 attigit,
1557 3055 1748 3123 interuentuque

120 3151 230 3206 tremine
251 3148 345 3215 induit,
366 3147 535 3215 sacravitque
547 3143 709 3200 salutaribus
722 3143 908 3199 sacramentis.
963 3144 1116 3202 orationum
1129 3144 1245 3212 nocuit,
1259 3153 1287 3200 et
1308 3144 1429 3216 pristina
1445 3146 1546 3202 statim
1562 3146 1688 3218 sospitati
1699 3144 1746 3203 ιιι·

119 3239 312 3297 ilonasterium
327 3251 434 3310 quoque
449 3235 581 3306 uirginum
592 3232 690 3291 Christi
711 3248 793 3304 supra
817 3242 912 3304 pater·
962 3237 1040 3295 didit.
1056 3236 1159 3293 beinde
1173 3236 1333 3307 perveniens
1344 3235 1379 3292 ad
1391 3237 1590 3306 supradictum
1604 3239 1745 3303 ωιιιιιιι.

118 3347 183 3389 num
196 3331 282 3388 solum
295 3329 365 3386 inter
374 3326 624 3397 auriculasque:
637 3336 665 3383 et
677 3323 771 3380 Albam
785 3323 911 3392 aedilicat,
961 3332 998 3390 ibi
1019 3338 1074 3386 tam
1099 3328 1204 3399 plebem
1227 3326 1339 3383 interius
1359 3341 1441 3399 quam
1468 3329 1582 3388 ricinos
1607 3325 1745 3405 popam

119 3424 269 3488 tratresque
291 3420 336 3490 qui
359 3415 508 3473 aedilleandi
531 3430 623 3472 euram
646 3415 762 3471 babeant
783 3415 910 3487 deputat,
962 3421 1143 3478 emissionum
1166 3419 1287 3491 uigorem
1314 3419 1437 3476 excitare
1460 3423 1598 3482 studuit:
1617 3426 1744 3492 nulloque

119 3526 279 3584 germanum
296 3507 392 3580 puella
415 3508 615 3580 chagnoaldum
628 3516 657 3564 et
676 3506 842 3563 walbertum
864 3507 909 3576 qui
961 3513 1104 3572 eorumad
1123 3512 1288 3584 poenitende
1303 3513 1507 3569 medicamenta
1532 3514 1742 3585 psrsraaittldt·

117 3603 144 3662 ιι
159 3612 251 3675 postea
264 3596 428 3667 succensi,
441 3608 468 3654 ut
484 3600 601 3671 regulam
615 3599 728 3655 doceant
738 3597 868 3655 decernit.
880 3595 909 3655 ln
961 3622 1014 3677 que
1025 3605 1084 3678 ejus
1097 3604 1190 3674 studii,
1203 3612 1232 3660 nt
1245 3602 1342 3659 mulsos
1351 3617 1400 3659 soa
1414 3603 1547 3661 tomacla
1557 3605 1682 3663 acures
1691 3604 1739 3659 ‚isa

119 3710 174 3766 quo
186 3703 295 3764 quanta:
308 3691 420 3748 uirtutes
435 3700 527 3762 postea
541 3690 618 3747 lacta
633 3689 745 3758 luerint,
758 3690 782 3747 si
797 3691 850 3746 rita
865 3704 911 3746 eo-
961 3696 1038 3752 molti
1058 3709 1152 3752 eornm
1167 3703 1226 3765 post
1246 3693 1429 3750 Eccleslarum
1445 3694 1583 3761 praesules
1595 3695 1738 3757 meumst

119 3802 177 3845 nres
188 3785 280 3855 luerit,
292 3785 416 3856 prosequi
429 3784 546 3840 nitemur
556 3786 580 3837 ⁰.
961 3784 1147 3856 chagnoaldus
1161 3784 1281 3855 lugduni
1292 3780 1394 3839 clavati
1409 3782 1524 3857 (ton),
1536 3786 1669 3843 Acbarius
1681 3782 1737 3838 trs

154 3879 182 3935 ὅ.
206 3876 341 3933 llerersus
368 3889 433 3947 ergo
461 3874 622 3931 venerabilis
646 3875 687 3930 uir
714 3872 853 3930 Erratasius
877 3870 911 3931 ad
962 3873 1735 3947 mandorumetNoaiomensisacTornacensisepiseopas.
1789 3890 1791 3907 ¹

119 3967 286 4034 Luxovium,
303 3967 424 4036 magistri
448 3974 612 4036 preceptum
635 3964 748 4035 impiere
772 3973 865 4035 parat,
882 3972 911 4019 ut
961 3965 1159 4036 lingnaclrarius
1178 3972 1190 4002 ⁸
1206 3965 1368 4035 Augustanos
1387 3975 1414 4021 st
1437 3964 1568 4038 santa,
1592 3967 1737 4027 dudm

118 4072 294 4136 gentesque
318 4062 414 4118 uicinas
442 4070 519 4117 erant
542 4059 603 4115 lldei
635 4060 733 4130 pabulo
761 4059 909 4116 alerentur.
961 4056 1079 4114 bolonie
1092 4067 1120 4112 et
1131 4055 1307 4112 'l'crranensis
1320 4054 1424 4126 oppidi.

120 4154 281 4222 i’rogressus
304 4150 407 4221 igitur·
422 4149 557 4206 warascis
570 4150 715 4220 predicat:
732 4164 845 4221 quorurn
861 4148 908 4207 alii
995 4153 1160 4220 licumque
1179 4150 1235 4222 jam
1256 4151 1399 4206 baberetur
1412 4150 1450 4207 ab
1473 4150 1634 4211 bominibus
1651 4159 1735 4226 snit.

120 4240 280 4298 idololatris
299 4240 416 4297 cultibus
439 4238 540 4310 dediti,
562 4238 608 4294 alii
632 4237 722 4294 Fotini
747 4238 790 4292 nel
814 4236 909 4294 Bonosi
960 4243 1213 4300 sdenosnnllussc
1229 4238 1469 4297 &Commissurum
1492 4244 1648 4314 mum
1663 4257 1736 4314 pm·

118 4346 211 4389 errore
234 4332 360 4387 maculati
381 4331 530 4391 mansilis
552 4330 584 4386 ad
611 4331 692 4386 lldcm
715 4332 862 4396 conuersis,
877 4329 910 4386 ad
960 4347 1001 4392 ner
1012 4336 1055 4404 qui
1070 4334 1129 4403 ejus
1142 4330 1270 4388 doctrinis
1283 4330 1401 4388 imbutus
1412 4331 1524 4401 luisset,
1536 4334 1735 4407 pracerum

119 4422 211 4488 lloior,
227 4424 272 4490 qui
289 4438 371 4500 nune
384 4422 521 4479 macconi
536 4431 674 4490 vocantur,
700 4422 796 4489 tendit,
811 4436 911 4492 eosque
923 4427 950 4487 1)
963 4432 1106 4484 cernerent
1117 4423 1144 4479 in
1156 4422 1287 4495 discipulo
1297 4423 1418 4494 magistri
1433 4423 1562 4483 instituta
1572 4437 1737 4492 mannes*

119 4513 205 4571 multo
219 4513 312 4570 labore
331 4514 448 4571 imbutos
460 4513 577 4584 lldcique
600 4514 755 4570 liniamento
768 4523 908 4583 correptos
965 4520 1091 4588 qnlnmque
1105 4513 1268 4570 Francorum
1288 4527 1431 4585 procerum
1446 4516 1557 4575 lrouore
1568 4516 1736 4583 luldretml

118 4603 167 4675 (ιιι
180 4602 257 4672 lle),
277 4603 405 4674 plurimos
425 4618 519 4661 eorum
538 4605 571 4661 arl
595 4604 676 4661 iidem
696 4603 849 4661 conuertit:
865 4602 908 4660 ubl
961 4607 1109 4668 culotlrarli
1123 4608 1194 4679 regis
1207 4620 1341 4663 amurcae
1355 4608 1535 4665 veneratione
1548 4611 1663 4677 classen
1674 4619 1736 4665 ml·

118 4697 179 4752 eum'
202 4696 396 4768 aliquantisper
411 4708 530 4755 moratus
554 4698 657 4767 luisset,
671 4698 775 4756 dimisit
797 4712 908 4770 sagaces
961 4702 997 4759 sit
1010 4701 1090 4757 solito
1112 4697 1207 4754 lividus
1220 4697 1348 4754 aduersus
1360 4707 1523 4756 sanctorum
1537 4700 1638 4758 butan
1656 4698 1735 4773 hydr!

153 4854 170 4886 ⁸
182 4854 272 4925 llugra
282 4868 331 4910 sen
345 4855 443 4912 lluera.
457 4855 560 4924 llupler
576 4865 616 4912 cst
629 4858 715 4913 amnis
724 4856 845 4928 ejusdem
859 4875 909 4915 no·
995 4859 1009 4898 ¹¹
1025 4858 1161 4916 warasca
1175 4858 1202 4913 ln
1218 4857 1352 4926 provincia
1368 4856 1564 4926 sequanorum
1577 4862 1616 4917 sd
1626 4866 1733 4927 aaa!

120 4926 213 4990 mitris,
232 4935 344 4995 uterque
367 4932 393 4981 ln
418 4926 564 4982 blatronam
588 4926 714 4998 induens,
737 4930 805 4984 alter
826 4944 907 4999 supra
962 4929 1039 4985 ducii
1052 4931 1135 4998 ripam
1155 4930 1257 4984 sedisse
1275 4926 1473 4996 scriptorius:
1485 4941 1591 4988 naeu
1604 4932 1732 4999 Sabim

118 4994 288 5066 ileldas,qni
306 4997 407 5062 minor:
429 4995 496 5051 intra
521 4996 592 5052 idem
615 4997 743 5068 oppidum
765 4999 844 5067 alter,
862 5003 906 5070 qul
962 5009 1083 5056 testatur.
1106 4999 1201 5053 imbuti
1214 5005 1291 5055 erant
1304 4997 1441 5053 erroribus
1468 5000 1583 5058 l’botlni
1602 4997 1732 5061 simini

119 5066 209 5121 blocrs
224 5066 356 5133 absolute,
369 5068 446 5136 uulgo
456 5066 480 5119 lc
492 5066 579 5120 dlorin
593 5067 699 5122 dieitur.
713 5068 758 5124 llle
769 5070 852 5151 partio
866 5072 906 5125 iu·
960 5070 1093 5142 quondam
1114 5070 1242 5138 episcopi,
1256 5067 1313 5193 (hul,
1326 5075 1395 5149 teste
1417 5068 1584 5140 Epiphanio,
1599 5074 1690 5129 bereti
1699 5068 1730 5151 li.

118 5138 157 5190 ιιι
181 5137 304 5192 lutrense
325 5136 501 5205 parthenone,
525 5135 558 5192 ad
582 5139 726 5203 orientem:
750 5138 794 5193 lue
815 5139 906 5195 itidem
960 5142 1073 5197 docebat
1093 5138 1260 5194 Cbristnma
1303 5139 1378 5194 tortio
1400 5152 1455 5195 nen
1475 5142 1615 5210 esse,sed
1633 5140 1729 5201 alm.

119 5207 198 5277 paulo
212 5206 279 5261 irrlra
292 5217 392 5263 sanetae
409 5207 483 5262 Fare
495 5207 685 5262 monasterium
700 5208 765 5263 olim
782 5209 907 5265 [ivoricas
960 5222 988 5266 et
1007 5213 1143 5280 bucusque
1157 5210 1244 5276 ipsum
1265 5209 1403 5264 existere:
1419 5224 1504 5279 quem
1521 5212 1549 5268 ιι
1572 5210 1731 5269 ermanh-

118 5275 290 5346 appellatum,
305 5278 338 5332 ad
360 5278 512 5349 aquilonem
529 5277 737 5346 praeterlabitur,
760 5280 908 5350 recipitque
962 5284 1032 5352 pegit
1058 5281 1139 5336 etiam
1172 5284 1294 5336 Bonosus
1325 5277 1491 5338 Nareitauus
1529 5284 1558 5339 iu
1590 5282 1669 5341 baeu
1688 5276 1729 5348 θ’·

118 5361 151 5400 ex
173 5356 248 5413 parte
268 5349 390 5405 orientali
413 5349 526 5403 rirrrlum
551 5362 634 5417 prope
656 5346 727 5405 idem
754 5350 906 5405 cmrrnbium
960 5366 1068 5421 scopus.
1714 5412 1720 5427 ,

119 5418 316 5484 decurrentem,
331 5434 410 5489 quom
426 5418 507 5475 lorias
521 5416 581 5474 sine
602 5418 684 5474 dubio
704 5417 777 5474 dide
798 5421 908 5479 rrenrino
997 5424 1067 5477 eSic
1083 5420 1224 5492 legendum
1237 5434 1299 5475 caua
1318 5434 1398 5485 mss..
1412 5436 1469 5477 non
1484 5436 1553 5479 seru
1567 5418 1726 5495 amu-t

118 5486 253 5555 intelligit.
961 5500 990 5548 ut
1004 5492 1073 5563 apud
1090 5490 1254 5545 bollandum.
1270 5490 1431 5562 Augustusne
1441 5494 1557 5551 nomine
1571 5492 1681 5557 inidih
1690 5491 1727 5541 ΙΙ·

155 5556 289 5630 bllempe
312 5558 446 5627 Eustasio,
473 5559 501 5616 ln
527 5560 647 5631 regimen
672 5559 789 5619 coenobii
814 5561 907 5620 buxo·
978 5576 1063 5618 ustam
1087 5561 1278 5626 Rauracorum,
1293 5561 1374 5632 uulgo
1389 5562 1462 5633 dupt
1486 5567 1587 5637 (prope
1607 5562 1725 5624 ιιιιιιιιΙ.

119 5626 228 5682 elensis.
291 5700 297 5712 ¹
602 5699 609 5713 υ
959 5579 1035 5707 {ddici
1048 5632 1141 5690 urbem
1154 5629 1299 5703 quondam,
1315 5630 1435 5691 bodlein
1448 5634 1688 5695 theom

158 5706 169 5734 ι
185 5698 255 5770 Lege
267 5699 353 5757 irtam
368 5698 682 5773 sequestraremus.
