3788 6126
160 361 210 416 tt5
688 361 719 416 ΙΝ
740 361 900 419 subdidit
922 360 1099 418 hrtbtlhbtl
1121 359 1237 415 laetu
1259 359 1268 413 l
1735 357 1785 411 ιιι

158 464 184 506 et
195 452 339 521 imperialis
358 452 465 518 stabuli,
478 466 530 522 qun
546 461 720 506 consueverat
734 453 823 506 omnis
836 452 949 521 populus
964 457 985 513 A
1002 461 1030 506 et
1045 449 1270 521 lacrymabantur.
1286 448 1364 504 Pauci
1380 458 1467 502 autem
1483 448 1666 502 ministrorum
1680 447 1788 502 Satanae

159 544 302 598 contenire
311 551 338 599 el
349 552 505 613 exspectare
516 541 648 596 sacellarii
660 541 820 611 ioqressum.
830 542 952 596 Circum·
1003 541 1173 611 posidebunt,
1187 549 1215 594 et
1228 538 1444 605 subsannabant,
1458 549 1487 594 et
1500 539 1587 606 capita
1604 546 1787 602 transeuntes,

158 632 951 701 dederuuteomexcubitores,eratqneomuibusspectacn·
1001 631 1069 686 sicut
1094 630 1302 700 scriptumest,
1326 630 1483 693 merebant,
1507 628 1646 684 dicentes:
1672 628 1722 685 Ubi
1748 637 1790 685 esi

160 724 214 778 lum
230 724 394 780 formidabile
404 723 500 778 turbis.
513 707 576 779 Post
587 724 720 793 paululum
732 723 949 796 erpajussorunt
1001 720 1072 778 Deus
1087 722 1166 791 ejus,
1181 731 1208 777 ct
1223 721 1266 776 ubi
1280 720 1349 777 ildes
1362 721 1430 790 ejus,
1445 732 1471 776 et
1486 721 1530 775 uhi
1544 720 1667 776 doctrina
1683 722 1789 792 ipsiusl

160 808 255 865 inlerri
275 827 336 866 enm
359 811 385 866 iu
406 811 532 866 solarium
554 812 738 881 expositionis,
761 821 790 867 ut
806 821 879 868 esset
895 814 949 879 ibi,
1000 812 1052 882 Qui
1069 828 1130 868 cum
1144 813 1264 868 venisset
1279 813 1305 865 io
1327 811 1480 882 pretorium
1503 810 1712 878 dehonestatus,
1726 823 1753 868 et
1773 827 1788 866 a

161 909 290 968 quatenus
302 900 466 971 prospiceret
481 902 683 971 imperatorper
696 902 833 958 cancellos
844 903 949 958 triclinii
1000 902 1169 960 carnificibus
1183 905 1334 960 vinculatus
1346 919 1405 960 cum
1419 903 1525 975 gladiis,
1539 904 1711 973 conjecerunt
1726 919 1792 961 eurr-

161 989 203 1043 sai
223 1003 255 1044 ea
277 990 439 1060 quadratura
454 1001 529 1047 erant
543 992 609 1047 lleri.
633 992 698 1047 Erat
710 994 797 1062 itaque
810 993 951 1049 multitudo
1001 993 1028 1047 ia
1053 1008 1133 1047 norim
1156 1008 1294 1050 carcerum
1317 1010 1378 1050 euru
1401 993 1561 1057 homicidis,
1576 1005 1602 1048 et
1624 1004 1685 1062 post
1708 1009 1787 1049 troam

163 1080 324 1150 populorum
340 1097 425 1153 usque
446 1085 478 1138 ad
502 1083 718 1153 hippodromium
742 1084 864 1140 couierta
884 1098 948 1139 cou-
1000 1085 1074 1151 quasi
1090 1084 1183 1138 horam
1199 1083 1390 1140 tolerantium
1411 1083 1490 1149 iude,
1514 1093 1540 1139 et
1562 1092 1784 1153 transposuerunt

159 1172 322 1228 uenientium
337 1173 403 1230 illic.
427 1175 586 1231 Statuamut
608 1190 672 1245 erqo
695 1173 945 1231 reverentissimum
1001 1171 1028 1226 iu
1042 1186 1101 1227 eaor
1117 1187 1176 1241 quoe
1192 1172 1289 1227 dicitur
1305 1172 1440 1228 biomedis
1455 1172 1592 1238 custodia,
1614 1174 1640 1228 iu
1664 1173 1790 1242 praetorio

158 1261 244 1316 airum
260 1263 286 1317 in
303 1263 392 1319 medio
405 1264 497 1319 solarii
520 1264 719 1333 dispositionis,
742 1265 885 1333 prasentia
906 1273 947 1318 to·
1001 1262 1133 1332 praelecti.
1147 1263 1231 1319 Tanta
1245 1272 1334 1320 autern
1349 1264 1475 1319 luctantia
1488 1271 1516 1318 et
1530 1263 1554 1318 ri
1570 1265 1714 1320 trabebant
1726 1278 1789 1321 eum

159 1349 214 1406 tius
230 1361 339 1407 senatus
354 1353 497 1409 subnixum
514 1353 577 1409 binc
592 1364 619 1410 et
634 1354 706 1410 inde.
728 1353 807 1410 Facta
827 1365 869 1412 est
882 1371 948 1425 erqo
1000 1354 1119 1409 vinculis
1134 1369 1254 1422 nerum,
1271 1364 1299 1409 ut
1315 1355 1509 1410 dilaniarentur
1524 1369 1601 1409 crura
1617 1363 1645 1411 et
1667 1355 1785 1424 poplites

109 1439 112 1444 ’
158 1443 322 1513 constipatio
337 1445 424 1501 subito
440 1461 493 1501 nou
509 1447 678 1514 minima,et
695 1447 788 1503 exieus
808 1449 842 1504 ab
865 1450 948 1518 impe·
1000 1443 1599 1516 ojus,ersaogutsetuoeretperascensis
1613 1444 1780 1514 scalaoejus·

158 1542 249 1590 rotare
263 1535 418 1592 sacellarius
429 1539 528 1606 apertis
539 1537 629 1608 januis
644 1539 752 1594 triclinii
764 1541 790 1594 in
803 1538 946 1608 solarium,
1003 1539 1065 1594 dem
1080 1539 1220 1594 cristodiae.
1236 1538 1306 1594 Sunt
1320 1539 1391 1593 enim
1407 1536 1539 1606 scopulosi
1555 1543 1583 1594 et
1596 1536 1683 1604 asperi
1698 1535 1789 1600 ualde,

159 1625 279 1682 diuidere
294 1627 450 1683 ursiucrsum
466 1628 594 1698 populum
607 1629 698 1699 jussit.
724 1629 894 1700 ileuieusque
913 1629 946 1684 ad
1000 1643 1032 1684 ac
1049 1628 1157 1698 penitus
1180 1629 1206 1683 io
1231 1629 1315 1684 altum
1337 1628 1454 1700 porrecti
1476 1626 1588 1697 quadus.
1614 1627 1677 1683 Erat
1698 1635 1790 1683 autem

159 1724 280 1772 sanctum
296 1730 328 1771 as
344 1718 524 1774 sonorabilem
547 1719 632 1775 uirutn
654 1720 796 1775 llartiuum
819 1721 946 1788 apostoli·
1000 1718 1060 1790 ipse
1081 1719 1177 1774 beatus
1197 1719 1340 1789 praesentis
1358 1717 1421 1773 ritae
1441 1718 1579 1786 prosimos
1595 1715 1651 1787 jam
1671 1730 1788 1784 carere,

158 1822 240 1875 cnm,
255 1808 323 1862 dixit
336 1809 369 1863 ad
384 1824 465 1863 euru:
483 1810 549 1866 vide
572 1812 707 1882 quomodo
729 1813 799 1868 bens
814 1823 840 1869 tu
854 1813 947 1878 duxit,
966 1807 1141 1878 lisuppliciis
1155 1809 1247 1876 anima
1262 1807 1406 1864 deficiente
1418 1807 1500 1863 etiam
1511 1818 1574 1864 ante
1585 1807 1715 1877 gladium,
1726 1821 1789 1862 euna

158 1907 186 1954 et
209 1899 318 1954 tradidit
341 1899 368 1954 io
391 1915 487 1955 manus
510 1912 627 1959 nostras.
649 1902 690 1959 Tu
712 1904 840 1961 nitebaris
853 1915 947 1961 coum
996 1896 1536 1967 jamnouualeretcousceoderecrrrnse
1549 1896 1728 1952 trahentibus.
1745 1896 1790 1951 ln·

160 1985 368 2060 imperatorem,
385 1991 448 2060 quid
466 1992 511 2047 tibi
526 1993 583 2062 spei
597 1994 678 2049 erati
693 1993 764 2050 Eece
779 1993 948 2065 dereliquisti
999 1993 1174 2048 traducentes
1201 2006 1267 2062 erqo
1292 2007 1353 2048 eum
1378 1976 1621 2062 quomodocunque
1646 1991 1672 2046 iu
1696 1999 1788 2046 custo·

161 2079 255 2145 heum,
275 2088 303 2135 et
324 2081 468 2150 den-liquit
483 2091 509 2137 te
520 2081 601 2138 bens.
614 2082 645 2138 Et
659 2085 787 2140 sorrtiuuo
796 2083 948 2140 exclamans
997 2079 1088 2146 diam,
1103 2079 1278 2136 decidentem
1293 2081 1392 2150 sapius
1406 2089 1433 2137 et
1451 2089 1625 2149 surgentem,
1640 2087 1790 2151 posueruut

160 2169 316 2226 sacellarius
331 2169 473 2240 quemdam
489 2174 633 2228 astantium
649 2175 834 2230 excubitorum
857 2182 948 2230 tonso·
998 2171 1025 2228 iu
1040 2184 1154 2228 mamus
1168 2171 1292 2228 indutum
1313 2171 1407 2228 calibis
1425 2178 1453 2225 et
1471 2168 1584 2225 eatenis.
1605 2169 1680 2225 Turre
1700 2170 1791 2238 euim,

159 2275 235 2324 rcrn,
252 2259 377 2330 pracepit
392 2259 451 2317 siue
465 2276 541 2317 mora
555 2261 664 2317 anierre
687 2261 835 2332 psachnion
850 2261 946 2317 summi
998 2263 1106 2333 quaudo
1121 2261 1237 2316 traditos
1252 2270 1294 2316 est
1308 2276 1323 2315 a
1339 2260 1440 2331 Caipba
1460 2258 1548 2314 Pilato
1567 2267 1595 2312 ut
1613 2256 1788 2327 cruciliqere·

145 2343 186 2404 ἰι
200 2349 339 2417 apostolici
355 2358 436 2417 atque
460 2349 584 2419 praeeipui
601 2351 717 2419 pastoris
733 2349 948 2406 omniurn‘Chri·
1000 2359 1058 2420 ιιι,
1076 2351 1128 2408 boe
1146 2361 1204 2418 est,
1225 2365 1240 2407 a
1270 2350 1414 2421 praelecto,
1434 2350 1559 2406 cumiano
1578 2363 1639 2404 cnm
1657 2361 1791 2405 eruerent

158 2439 317 2504 trianensem,
330 2439 374 2508 qui
386 2440 566 2504 orthodoxam
578 2452 731 2496 sauctorum
746 2442 856 2497 Petrum
868 2449 948 2512 etsp·
998 2457 1060 2500 eum
1075 2441 1237 2510 caraillces,
1262 2443 1382 2514 grauiter
1397 2441 1532 2512 aiqoribus
1546 2440 1693 2497 vetabatur
1707 2458 1715 2507 ;
1731 2450 1791 2496 erat

161 2534 293 2586 nodorum
308 2529 519 2599 comessionem,
534 2530 586 2586 boc
596 2540 647 2595 est,
664 2531 756 2598 iidem,
772 2533 947 2597 conhrmarit,
998 2535 1070 2594 enim
1087 2535 1266 2594 intolerabilis
1281 2537 1379 2594 biems.
1394 2535 1580 2606 lmposueruot
1592 2534 1617 2591 ei
1629 2534 1788 2604 qrarissiura

160 2628 188 2675 et
202 2618 264 2673 nori
279 2618 378 2674 erroris
394 2629 503 2676 exortos
517 2632 659 2689 auctores,
681 2637 782 2691 noros,
803 2622 948 2691 uidelicet,
999 2627 1064 2684 lerri
1091 2629 1231 2698 pondera,
1251 2640 1279 2686 et
1295 2630 1385 2685 nullos
1404 2629 1498 2686 aderat
1519 2627 1544 2684 ei
1564 2627 1703 2684 hominurn
1728 2627 1790 2696 ejus

161 2708 319 2778 hereticos,
333 2723 393 2765 eum
409 2710 497 2780 impiis
517 2710 688 2782 dogmatibus
707 2715 949 2777 eorumcanouiee
1000 2718 1143 2788 proprlus,
1162 2726 1277 2788 excepto
1296 2733 1349 2774 uuo
1376 2719 1547 2776 solummodo
1565 2719 1664 2774 clerico
1694 2716 1789 2773 adole·

158 2809 186 2858 et
208 2800 335 2873 synodice
358 2802 606 2861 anathematizavit.
632 2803 698 2861 Cum
720 2819 786 2875 erqo
809 2805 949 2862 incidisset
998 2815 1106 2872 acente;
1121 2805 1221 2875 quique
1233 2820 1407 2863 commanens
1421 2806 1445 2862 ei
1460 2812 1486 2862 tn
1500 2806 1631 2872 custodio,
1647 2813 1674 2860 et
1689 2819 1786 2873 snper·

158 2893 306 2966 psachnion
321 2895 392 2952 beati
407 2895 456 2950 riri
471 2896 621 2964 excubitor,
637 2907 665 2955 et
680 2897 822 2966 corrigiam
837 2912 947 2968 eompa-
999 2905 1076 2952 stans
1095 2896 1297 2954 lamentabatur
1317 2897 1491 2967 magistrum,
1510 2896 1581 2950 sicut
1600 2894 1705 2950 Petrus.
1723 2895 1790 2951 Erat

160 2988 265 3060 giorum
280 2986 357 3059 ejus,
373 2988 463 3045 statim
482 2990 591 3046 tradidit
604 3006 664 3047 eum
680 2992 837 3054 sacellarius
853 2992 948 3062 prule·
998 2989 1080 3046 etiam
1100 2989 1259 3046 convinctus
1283 2991 1413 3060 magister
1434 2989 1563 3044 costodiae
1582 2987 1672 3044 eidem
1695 2987 1790 3058 beato,

123 3072 125 3076 ’
160 3090 206 3137 ιιι
221 3081 312 3145 urbis.
327 3081 441 3137 dicens:
457 3082 534 3138 'lolle
547 3099 626 3149 eum,
643 3084 751 3140 domiue
766 3085 906 3154 praelecte,
917 3094 948 3142 ιι
999 3080 1126 3149 quoniam
1141 3080 1182 3134 sic
1196 3088 1255 3135 erat
1271 3094 1347 3146 mos,
1363 3088 1392 3134 ut
1409 3078 1515 3134 loturus
1530 3076 1583 3147 pati
1607 3092 1654 3147 per
1674 3076 1790 3146 gladium

157 3173 284 3228 contiuuo
293 3174 462 3230 membratim
472 3174 560 3232 incide
571 3175 731 3231 illumcum
743 3174 882 3233 bisantem
892 3192 949 3235 orn·
962 3150 985 3214 (ἶ
1000 3170 1203 3227 corrriuciretor
1227 3170 1359 3240 ιιιιῑιιῐθ
1381 3170 1526 3226 wimm-
1547 3169 1630 3224 3¹²¹st
1648 3183 1713 3239 0¹8⁰
1731 3168 1792 3226 (¹¹¹⁸

158 3262 236 3319 nibus
248 3263 331 3332 jussit
345 3264 494 3320 astantibus
508 3264 734 3321 anathematizare
748 3282 822 3332 eum,
836 3270 906 3339 qood
922 3277 950 3324 et
1002 3261 1148 3328 mulieres,
1164 3261 1282 3333 qenitria
1296 3270 1324 3316 et
1339 3272 1418 3329 nata,
1436 3261 1639 3332 praenominatae
1661 3260 1792 3316 custodie

158 3350 292 3408 iecerunt.
308 3353 366 3409 Nou
378 3355 575 3424 responderunt
588 3367 677 3412 autem
692 3355 877 3426 huiuscemodi
889 3358 948 3414 roci
1000 3352 1090 3409 clares
1111 3362 1250 3420 terrentes,
1270 3369 1384 3424 quaeqoe
1404 3353 1568 3421 aspicientes
1591 3352 1789 3419 importabilem

159 3441 252 3512 aiqinti
267 3441 383 3498 uirorum
396 3444 502 3499 anima.
515 3443 568 3500 Sed
582 3460 676 3502 omncs
687 3446 785 3516 quique
797 3447 848 3502 hoc
862 3447 948 3517 ipsum
1000 3443 1122 3500 dolorem
1138 3445 1226 3499 sancti
1243 3444 1334 3509 illius,
1349 3444 1394 3514 qui
1411 3444 1482 3499 inter
1497 3453 1537 3497 tot
1552 3456 1690 3511 poenarum
1703 3456 1789 3510 qene-

158 3529 304 3597 ailebant,
318 3542 346 3587 et
358 3531 481 3587 sciebant
492 3532 553 3603 quia
568 3542 610 3588 est
626 3532 696 3589 Deus
712 3536 739 3588 iu
755 3536 824 3591 caelo
837 3549 949 3602 conspe·
1000 3547 1052 3599 ra,
1079 3548 1140 3604 quac
1167 3533 1296 3596 aderant.
1322 3534 1415 3604 algore
1438 3534 1608 3603 quatiebatur
1626 3531 1790 3593 durissimo.

160 3629 219 3676 ctor
233 3634 327 3676 eorum
343 3637 403 3690 qua
420 3621 535 3688 hebaut,
552 3623 669 3680 demisso
686 3626 762 3682 saltu
782 3643 843 3683 com
865 3633 949 3685 mulla
1003 3632 1085 3681 mota
1101 3626 1346 3692 compassionibus,
1362 3624 1650 3695 quaerebautaliquam
1664 3622 1792 3679 exhibere

60 3768 70 3778 ,
157 3709 341 3766 moestitudine
352 3710 680 3772 reccdehaotruthuhti.
692 3717 950 3791 Suscipisntcserqo
1000 3715 1214 3773 misericordiam
1234 3732 1294 3772 com
1309 3727 1401 3782 eo,et
1417 3727 1561 3786 contegere
1577 3713 1720 3781 eum,sed
1737 3728 1791 3768 nou
1852 3753 1856 3760 -

157 3815 219 3856 eum
238 3801 397 3867 corrrillces,
413 3813 544 3858 exuerunt
559 3805 679 3862 exterius
693 3807 752 3878 ejus
774 3809 882 3877 pallium
903 3826 949 3865 sa·
999 3809 1137 3864 audebant
1152 3818 1263 3879 prepter
1275 3808 1447 3864 convinctum
1469 3816 1496 3863 et
1515 3808 1712 3863 custodientem
1732 3820 1792 3862 car·

157 3887 305 3945 cerdotalis
329 3890 422 3959 stolae,
448 3901 476 3949 et
499 3893 653 3953 scindentes
674 3897 729 3952 alas
752 3900 866 3968 tonicae,
889 3915 950 3970 quus
1000 3897 1117 3953 nibcem.
1132 3897 1346 3953 Putabantenim
1361 3908 1480 3953 actutum
1494 3908 1632 3953 venturam
1646 3909 1789 3952 masuram

157 3989 211 4037 erat
229 3982 342 4038 interius
362 3998 498 4039 asumma
522 3999 606 4057 usque
627 3987 775 4056 deorsum,
797 3989 950 4062 circumpo·
1000 3996 1031 4044 ut
1053 3989 1243 4044 trucidaretur.
1273 3989 1337 4045 Post
1361 3990 1488 4060 quasdam
1513 4004 1580 4044 uero
1603 3989 1703 4050 boras,
1728 4003 1791 4043 cum

156 4080 269 4128 suerunt
284 4073 370 4129 lerrea
385 4074 493 4130 vincula
508 4075 536 4131 iu
551 4086 670 4132 sanctam
685 4078 744 4148 ejus
755 4079 909 4148 ceruicem,
922 4091 950 4138 et
1000 4091 1145 4138 vocassent
1160 4083 1270 4150 quidam
1287 4083 1321 4137 ab
1337 4083 1393 4138 imo
1409 4098 1441 4138 ea
1461 4081 1556 4137 ordine
1577 4080 1684 4137 militari
1705 4081 1791 4151 maqi·

161 4180 210 4235 per
223 4178 304 4220 ornum
319 4181 417 4236 corpus
432 4164 492 4238 ejus
506 4166 643 4226 trahentes
663 4183 725 4226 eum
740 4169 784 4241 ri,
809 4186 863 4226 non
885 4187 950 4228 eoo·
1000 4180 1084 4225 strom
1100 4170 1198 4240 uiqiliae
1221 4179 1233 4210 ⁸
1256 4170 1431 4239 carrrihcum,
1459 4167 1640 4226 descendente
1663 4184 1714 4234 eo,
1739 4184 1793 4224 uua

161 4266 301 4313 cesserunt
316 4260 426 4328 penitus
440 4261 464 4317 ei
481 4261 578 4318 alicubi
592 4262 721 4331 residere,
735 4272 762 4319 ct
774 4265 893 4322 animam
907 4281 949 4323 re·
1001 4262 1143 4317 mulierum
1160 4261 1357 4331 ergastulorum
1375 4262 1485 4317 illorum
1501 4262 1607 4330 pietatis
1621 4261 1725 4315 viscere
1738 4259 1792 4315 du·

160 4348 293 4415 ioeiilare,
308 4349 355 4404 sed
370 4366 385 4406 a
402 4352 503 4422 palatio
517 4353 649 4411 duxerunt
663 4370 726 4411 eum
742 4357 908 4426 publicantes
921 4366 950 4414 ιι
1000 4363 1054 4420 cta,
1069 4353 1213 4418 accedeus,
1228 4355 1448 4424 amplectensque
1463 4353 1618 4408 bellatorem
1643 4351 1743 4407 Christi
1760 4361 1790 4408 et

159 4439 367 4496 dehonestantes
381 4456 429 4512 per
444 4442 560 4500 medinm
582 4445 697 4503 ciuitatis
719 4447 752 4502 ad
774 4449 948 4517 praetorium,
1003 4445 1182 4512 apostolicum
1200 4446 1326 4512 Patrem,
1342 4455 1506 4514 portansque
1520 4445 1661 4500 reclinavit
1674 4460 1736 4501 enm
1760 4446 1786 4499 in

76 4571 79 4575 ,
158 4537 187 4584 et
200 4528 304 4602 gladius
317 4544 408 4586 coram
423 4546 465 4588 eo.
478 4533 542 4589 Erat
554 4545 642 4592 autem
654 4537 731 4595 dolor
743 4553 855 4607 magnus
868 4537 950 4596 beato
965 4515 990 4577 ⁰
1007 4535 1117 4603 proprio
1138 4544 1197 4590 torn
1213 4550 1279 4602 stro,
1295 4544 1443 4605 contegens
1465 4534 1564 4589 utiliter
1586 4543 1615 4590 et
1636 4533 1790 4589 involvens.

159 4617 216 4683 iili,
232 4627 259 4672 et
273 4618 483 4677 inenarrabilis:
509 4624 608 4693 oppido
631 4627 703 4681 euim
730 4638 789 4684 erat
811 4628 901 4686 lessus
922 4640 951 4686 et
1003 4625 1102 4680 ldarmit
1121 4637 1210 4680 autem
1235 4640 1319 4693 osque
1341 4624 1374 4679 id
1397 4639 1538 4694 mierum
1560 4625 1619 4680 ⁸³⁰0
1639 4639 1715 4680 V000·
1734 4623 1791 4681 Ve-

160 4709 300 4778 infirmos,
316 4727 372 4782 pre
390 4713 665 4772 tantis-incommodis
679 4717 784 4774 loturus
799 4722 951 4792 relinquere
1001 4729 1080 4782 these
1095 4723 1184 4769 autem
1200 4713 1286 4780 iasio,
1303 4715 1377 4770 misit
1390 4715 1422 4770 ad
1438 4729 1499 4770 eum
1520 4714 1666 4785 Gregorius
1689 4715 1790 4784 praele-

159 4801 276 4856 aniuram
291 4817 306 4856 a
322 4817 448 4872 pressura
463 4804 618 4875 passionom
632 4816 659 4861 et
672 4808 803 4863 tenuitate
816 4811 949 4879 corporis.
1000 4813 1062 4861 etus
1076 4804 1213 4860 eunuchus
1226 4818 1261 4860 er
1279 4803 1452 4860 cubiculariis
1468 4804 1598 4874 majorem
1611 4803 1709 4860 domus
1722 4817 1791 4869 suae,

159 4891 285 4947 Attamen
300 4892 422 4964 qaudens
436 4910 483 4963 spe
498 4895 700 4952 confortabatur
722 4897 749 4951 in
765 4898 902 4965 bomioo;
924 4909 952 4956 et
1001 4913 1062 4954 erim
1089 4898 1179 4966 paruis
1202 4896 1328 4963 cibariis,
1343 4899 1387 4967 qul
1412 4896 1507 4951 reiecit
1529 4911 1608 4963 earm,
1623 4894 1736 4949 dicens:
1752 4894 1794 4950 Νι

159 4999 213 5057 quo
228 4987 314 5058 maqis
329 5001 391 5042 cum
407 4986 558 5055 afflictione¹
573 4999 598 5043 et
618 4990 643 5044 ri
665 4991 831 5058 trahebatur,
855 5007 888 5047 eo
908 5007 951 5048 se·
1002 4987 1113 5043 delicias
1128 4989 1154 5042 io
1171 4985 1397 5048 tribulationibus,
1409 4984 1569 5040 confidimus
1585 4985 1611 5038 in
1627 4984 1721 5045 beum,
1737 4997 1792 5039 non

53 5107 56 5111 .
160 5092 226 5136 retra
240 5079 334 5135 obtutu
348 5080 443 5136 ductus
457 5094 517 5136 curu
533 5081 617 5136 multa
630 5081 782 5136 coustautia
797 5080 894 5138 animae
907 5082 951 5151 ju·
1002 5079 1137 5135 morieris.
1155 5078 1182 5133 ia
1197 5092 1250 5148 quo
1264 5079 1349 5148 magis
1367 5085 1527 5146 aqqraratos
1543 5075 1589 5130 ille
1604 5076 1697 5129 beatus
1713 5076 1793 5143 inqe-

160 5182 233 5236 atus,
247 5185 308 5228 oum
324 5187 377 5227 uno
391 5173 561 5228 solummodo
576 5172 734 5228 indumento
747 5189 761 5227 a
775 5187 882 5230 summo
896 5174 952 5231 dis·
1002 5173 1079 5226 mult.
1095 5169 1270 5225 abstulerunt
1284 5178 1374 5225 autem
1389 5169 1475 5224 ferrea
1493 5168 1595 5223 rincola
1610 5168 1741 5221 continuo
1757 5168 1793 5223 ab

159 5261 230 5319 cisso
244 5263 271 5318 io
285 5264 352 5319 duas
367 5272 468 5336 partes,
485 5272 513 5320 et
525 5265 585 5319 siue
598 5264 729 5320 cinctorio
743 5265 909 5335 sequebatur
922 5263 950 5333 b,
1001 5278 1045 5317 eo.
1062 5261 1190 5330 Sequenti
1205 5276 1272 5316 uero
1286 5261 1330 5316 die
1345 5261 1439 5316 abiens
1461 5262 1606 5328 imperator
1628 5259 1654 5312 in
1677 5259 1793 5326 patriar·

159 5352 226 5409 adeo
242 5361 270 5409 ut
280 5354 408 5409 interiora
423 5353 481 5425 ejus
495 5353 692 5423 quodammodo
707 5353 777 5407 nuda
794 5353 948 5422 panderen-
1003 5353 1096 5408 ehium
1113 5351 1217 5408 risendi
1237 5352 1322 5422 qratia
1344 5351 1454 5406 Paulum
1476 5349 1654 5419 patriarcham
1675 5350 1791 5418 (proxi-

160 5451 214 5512 ιιι,
229 5454 257 5500 ιι
271 5445 412 5501 muhilaria
427 5446 535 5518 quidem
550 5445 679 5503 continno
700 5447 859 5514 populorum
883 5461 949 5503 eon-
1001 5459 1060 5499 ntus
1075 5444 1147 5500 euim
1163 5453 1221 5498 erat
1236 5441 1337 5513 morti)
1353 5441 1471 5496 narrarit
1487 5440 1512 5495 ei
1528 5453 1589 5509 quar
1604 5446 1791 5493 consummata

161 5535 262 5605 spectio
274 5551 333 5606 qua
347 5535 461 5608 fiebant,
474 5538 633 5607 qemebant,
649 5544 678 5591 ιι
690 5537 829 5593 veritatem
843 5537 947 5602 dicam,
1001 5543 1063 5590 sum
1079 5533 1105 5588 iu
1121 5533 1322 5589 sanctissimum
1336 5533 1433 5587 uirum.
1450 5529 1631 5601 ioqemiscens
1645 5541 1709 5583 uero
1724 5527 1793 5582 Pan·

196 5676 210 5706 ¹
230 5667 322 5733 ilum„
339 5670 445 5724 rarlotl.
1000 5686 1058 5725 rum
1074 5667 1128 5722 beo
1144 5666 1247 5737 plenam
1261 5672 1335 5721 lanto
1349 5663 1487 5738 opprobrio
1501 5663 1662 5736 subjectum,
1679 5669 1707 5715 stt
1721 5659 1791 5717 inte·

195 5734 308 5791 thora.
332 5739 371 5795 sie
392 5740 473 5810 leqit:
497 5739 658 5809 Sequebatur
678 5739 716 5794 uir
735 5747 833 5804 lautas,
852 5739 904 5806 fide
925 5753 950 5796 et
1000 5743 1084 5798 rioro.
1098 5747 1150 5793 etc.

161 5810 245 5883 cratin
262 5807 367 5865 domiui
380 5811 489 5869 rinctus.
508 5810 579 5880 idea,
595 5812 660 5883 proh
675 5808 769 5865 sotor!
781 5825 895 5866 cernerer
908 5813 948 5867 ri·
1039 5821 1050 5852 e
1074 5809 1168 5874 horn,
1182 5805 1328 5863 coronulis.
