3788 6126
127 370 179 429 ros
775 360 805 417 s.
826 358 966 415 ιιιιιιιιιι
985 355 1087 413 tans
1108 355 1117 410 ι
1707 359 1762 415 epp

125 483 225 537 tucrum
238 479 248 549 (
259 477 307 533 l’lrr'
319 477 356 548 ip.
372 475 409 544 ι).
427 474 463 530 be
484 472 557 527 salsis
575 479 665 528 autem
685 471 913 534 accusationibus,
930 476 1017 538 Aper
1031 467 1136 536 rtrrms
1155 464 1250 530 llaria,
1264 479 1323 534 num
1337 465 1421 520 baum
1437 475 1465 522 ct
1479 465 1623 524 bominum
1639 479 1760 526 nostrum

126 587 195 643 quus
209 571 315 627 nouiter
335 563 454 623 heretici
470 562 581 630 iaciunt,
602 562 759 632 abjicientes
776 562 918 619 veritatem
969 560 1060 617 iorum
1073 558 1208 614 Christum
1228 557 1341 626 peperit,
1358 571 1440 626 quam
1460 573 1555 614 omnes
1573 560 1661 617 uncti
1677 571 1705 616 et
1717 578 1765 617 ca·

128 660 228 718 Christi
241 658 306 726 boi,
320 655 426 727 qualern
441 653 552 709 omnino
566 661 694 724 poterunt
706 652 858 709 hominibus
872 665 919 707 vo-
971 650 1064 706 tlrolici
1078 648 1172 705 Patres
1185 648 1231 703 liei
1249 647 1407 717 genitricem
1420 648 1572 719 appellant,
1588 658 1618 704 ut
1629 661 1693 721 pots
1704 669 1766 724 qum

128 753 236 809 ritatem
251 749 335 819 loqui,
352 739 396 817 q'i
413 745 458 800 lloi
472 743 580 799 veritati
594 742 744 799 resistunt?
764 742 823 798 Tibi
839 742 919 811 igitur
971 740 1055 799 Deum
1070 740 1207 796 hominem
1222 741 1326 810 perunit,
1344 737 1440 794 laisum
1453 747 1548 795 contra
1563 755 1618 809 mo,
1632 742 1686 798 inm
1700 760 1766 799 corr·

129 836 214 895 reddo
233 836 376 897 rationem,
391 832 562 887 dilectissime
576 830 669 896 irater,
686 847 735 901 per
745 846 807 886 eunt
821 831 867 900 qui
880 832 921 900 ju·
972 840 1014 888 tra
1034 847 1097 888 ruas
1117 832 1235 901 ipsorum
1256 832 1361 890 animas
1374 829 1459 900 iniqui
1478 831 1529 886 riri
1542 833 1677 889 testilicati
1692 848 1768 892 sunt.

129 928 265 984 dicaturus
274 935 317 980 est
327 922 455 979 mundum
467 923 545 979 istum
559 937 608 992 per
620 922 719 990 ignem,
729 923 775 991 qni
786 930 815 976 et
827 921 923 977 reddet
973 924 1040 979 llam
1054 923 1175 994 quisquis
1195 924 1302 978 beatam
1316 938 1399 994 super
1416 937 1525 978 omnem
1542 933 1696 980 creaturam
1712 934 1769 981 ter

129 1017 274 1087 unucuique
288 1015 437 1073 secundnm
459 1030 528 1087 opus
542 1029 631 1069 suurn.
652 1011 708 1082 Ego
726 1011 872 1081 aliquando
888 1011 922 1066 ad
974 1024 1098 1071 naturam
1114 1014 1268 1080 burianam,
1284 1014 1386 1084 absquo
1399 1015 1491 1085 ecqui
1502 1017 1608 1086 genitus
1620 1026 1705 1073 ester
1720 1036 1767 1085 ea,

130 1107 297 1164 Sarracenos
305 1121 358 1161 nec
368 1105 472 1160 litteras
481 1103 612 1170 misiaco
623 1117 703 1172 quem
711 1101 805 1156 dicunt
820 1109 923 1157 tamum
975 1105 1155 1163 reparabilem
1165 1119 1326 1175 semperque
1337 1104 1481 1173 virginem,
1494 1115 1618 1173 matrem.
1631 1109 1768 1175 videlicet,

130 1196 247 1267 qualiter
277 1196 389 1251 credero
413 1193 549 1260 debeant,
573 1200 621 1247 aut
647 1191 778 1263 pecunias
805 1206 923 1260 unquam
938 1206 947 1217 ··
975 1195 1082 1253 bomini
1097 1197 1183 1251 nostri
1197 1211 1251 1250 non
1266 1196 1383 1252 honorat
1396 1204 1480 1268 atque
1494 1200 1606 1266 adorat,
1620 1201 1768 1256 anathema

133 1286 280 1354 ¹f²¹¹⁸¹¹¹i⁸¹r
301 1285 423 1356 emim
446 1283 577 1339 dumam
599 1281 758 1354 (mihimilli
791 1279 854 1336 mlle
877 1296 924 1336 le·
975 1287 1011 1343 sit
1024 1295 1053 1343 et
1065 1288 1091 1343 in
1106 1287 1230 1358 praesent
1245 1288 1355 1352 cuculo,
1367 1296 1395 1343 et
1414 1289 1441 1342 in
1454 1287 1556 1345 lunrro.
1570 1290 1624 1346 sed
1643 1290 1769 1346 bantinus

132 1378 267 1434 nientibns
289 1377 375 1434 serris
396 1376 445 1433 lloi
468 1391 549 1433 causa
573 1375 770 1448 eleemonynm,
784 1374 881 1444 quibus
894 1382 923 1429 et
976 1377 1132 1434 occasiones
1143 1386 1306 1446 quarentes,
1322 1375 1447 1433 scaudala
1461 1377 1592 1448 objiciam
1605 1378 1640 1434 ad
1653 1381 1769 1437 manda.

134 1466 270 1523 modicum
293 1465 357 1537 quid
384 1464 547 1536 praebuimus
574 1464 684 1520 nrinirrre
710 1464 744 1518 ad
760 1465 923 1519 Sarracenos
976 1466 1218 1522 liznndosmultor.

134 1558 328 1614 transmissum.
344 1556 428 1612 Porro
443 1556 477 1613 do
492 1555 600 1611 domina
614 1563 706 1612 nostra
719 1553 837 1624 gloriosa
852 1569 924 1609 seru·
1012 1556 1185 1625 Subscriptio.
1202 1557 1272 1614 oens
1289 1565 1316 1613 tc
1334 1557 1494 1616 incolumem
1510 1560 1657 1626 custodiat.
1673 1577 1771 1617 arnan·

170 1659 184 1688 ¹
199 1648 228 1704 ln
244 1648 363 1704 Romana
378 1646 448 1702 Edit.
463 1647 540 1704 deest
553 1657 577 1701 et
594 1655 714 1700 naturum
976 1645 1080 1701 tissime
1092 1644 1138 1700 llli.

138 1778 1770 1826 m

642 1886 1077 2025 EPISTOLA
1118 1895 1276 2046 XV,

787 2074 841 2136 ub
862 2068 1127 2139 Tflssobottutt'.

638 2192 785 2275 Ejusdem
801 2192 977 2273 arpnnrmr'
995 2212 1065 2256 curn
1078 2196 1278 2275 procedente.

837 2318 1068 2335 m

175 2384 304 2440 blartinus
318 2381 473 2439 Theodoro.
946 2383 969 2444 h
982 2397 1032 2439 nos
1045 2399 1106 2441 eum
1116 2386 1250 2444 voluimus
1262 2388 1390 2456 adorare;
1402 2389 1449 2447 ssd
1462 2392 1612 2464 erasquod
1625 2405 1668 2451 est
1681 2396 1775 2453 [tonti-

176 2474 293 2529 llosccrs
305 2471 391 2527 voluit
404 2485 467 2526 cara
478 2477 569 2524 restra
581 2467 691 2526 dileetio
701 2468 816 2541 qualIter
825 2468 859 2526 do
868 2468 933 2525 sede
982 2474 1043 2530 nice
1058 2476 1128 2545 dies,
1143 2477 1216 2534 obuii
1229 2479 1254 2534 ei
1269 2480 1379 2545 crimus.
1394 2492 1422 2537 et
1435 2483 1612 2540 salutabimus
1624 2498 1695 2552 curn,
1711 2493 1775 2558 qnia

140 2565 229 2624 sancti
242 2562 316 2620 Petri
332 2562 458 2635 apostoli,
469 2561 540 2617 sicut
561 2576 630 2616 unns
642 2575 737 2632 passer
749 2562 885 2621 solitarius
898 2562 933 2617 ab
984 2565 1064 2623 bodie
1090 2585 1144 2625 non
1166 2568 1329 2628 sullecimus.
1353 2571 1449 2639 Porro,
1473 2574 1613 2633 llonrinlco
1634 2579 1678 2635 die
1702 2581 1776 2640 darn

141 2655 269 2724 mdilicio,
283 2663 376 2727 raptus
390 2652 497 2708 luerim.
512 2650 547 2708 Et
561 2652 645 2709 miror
658 2653 720 2724 quia
732 2669 815 2725 super
827 2654 879 2712 hoc
890 2669 934 2710 mo
983 2656 1072 2714 missis
1095 2659 1121 2714 in
1146 2659 1271 2730 prodicta
1295 2672 1388 2718 sancta
1407 2664 1454 2721 ilci
1477 2664 1605 2734 Ecclesia,
1620 2671 1777 2741 suspiratur

143 2745 281 2817 inquirere
294 2740 419 2807 soluisti,
440 2756 501 2797 cunt
517 2741 672 2811 praedixerit
691 2740 820 2797 Dominus
843 2750 935 2797 noster
985 2748 1030 2805 ille
1049 2750 1154 2806 turbam
1169 2753 1280 2808 multam
1302 2756 1389 2825 colligi
1414 2766 1525 2827 propter
1545 2759 1627 2826 diem,
1642 2763 1777 2820 nuntiarit

143 2835 308 2904 decoquam
325 2829 490 2902 temporibus
509 2830 568 2886 istis
582 2828 720 2901 discipu'is
732 2831 788 2887 suis
805 2850 811 2885 :
826 2829 893 2896 Quia
907 2832 935 2886 in
985 2838 1061 2897 hnc:
1078 2841 1144 2909 Quia
1159 2844 1272 2900 multum
1288 2845 1389 2916 latigati
1404 2863 1496 2905 sumus
1509 2866 1541 2907 ex
1558 2853 1663 2922 itinere,
1679 2865 1706 2911 et
1719 2871 1776 2913 mm

143 2924 233 2980 duobus
251 2923 303 2977 mit
322 2922 370 2977 et't'i
389 2919 536 2988 tribulatio,
552 2919 635 2992 pusulis
649 2937 701 2976 lidii
724 2920 772 2991 {uit
790 2920 822 2975 ob
836 2923 935 2993 eripior
986 2948 1128 3002 possumus
1141 2950 1285 2992 occurrero
1301 2937 1391 3005 hodie,
1405 2939 1452 2995 ped
1474 2956 1534 2998 prag
1549 2943 1712 3001 pmpimpdig
1729 2962 1776 3003 (ιο.

143 3013 233 3069 mundi
246 3028 421 3085 usqurnurrc:
434 3020 459 3067 ‘l
469 3013 518 3067 ’ἡδὶ
527 3014 588 3084 llll
598 3011 738 3068 ldlflll'lll
748 3023 808 3068 ‘llll
820 3013 873 3069 diet
884 3012 934 3080 ¹71⁶·
985 3038 1134 3093 curremus,
1148 3036 1176 3081 et
1196 3027 1370 3084 adorabimus
1389 3035 1559 3087 sarrctltatem
1576 3043 1703 3091 vestram.
1719 3035 1778 3106 Epo

145 3119 198 3160 nort
210 3113 296 3175 postet
309 3103 437 3157 sustinere
450 3103 534 3157 onorir
547 3117 618 3158 tatt-
636 3100 691 3159 Sed
704 3102 748 3174 ttt'
760 3118 936 3174 perseverate·
986 3126 1051 3168 vrro
1064 3114 1123 3184 ipse
1142 3116 1261 3184 grauiter
1273 3116 1394 3174 iullrrnus
1405 3134 1480 3174 eram
1495 3122 1529 3176 ab
1541 3120 1669 3179 Octobris
1683 3141 1780 3182 rnenso

145 3197 272 3264 ritusque
284 3194 313 3249 in
328 3194 417 3258 linem,
431 3192 472 3246 tto
486 3191 572 3247 sulcus
593 3193 642 3248 erit
657 3192 773 3265 (batth.
788 3209 860 3260 nrt,
873 3192 934 3265 22).
987 3219 1072 3274 usqup
1084 3206 1117 3260 ad
1130 3206 1284 3275 mppr-pum
1299 3216 1415 3280 pompus,
1429 3211 1454 3265 pp
1469 3221 1521 3278 ω,
1537 3228 1622 3282 usque
1635 3215 1668 3271 ,p
1683 3227 1779 3272 mm,

145 3283 205 3340 lloc
214 3284 242 3339 in
255 3282 349 3354 pam-is
358 3281 394 3337 de
408 3282 572 3338 Antichristo
585 3282 690 3339 dicitur.
707 3283 775 3339 Nam
787 3294 815 3339 et
828 3296 938 3343 sanctus
987 3296 1092 3353 docimo
1106 3295 1239 3354 Kilenms
1251 3299 1346 3356 Julius,
1361 3299 1432 3370 Ergo
1447 3302 1512 3358 terta
1526 3305 1643 3359 secunda
1657 3305 1779 3364 ditur-1110

148 3375 247 3431 l‘aulus
269 3373 416 3429 secundum
437 3373 525 3428 datsm
545 3374 596 3430 sibl
611 3375 724 3446 partam
743 3376 854 3448 spiritns
867 3393 937 3449 prre·
988 3385 1070 3441 mittlt
1083 3385 1275 3443 chartularium
1295 3405 1387 3458 suum,
1403 3399 1433 3446 et
1445 3393 1575 3462 quosdam
1597 3409 1632 3450 ex
1645 3395 1779 3467 obserato

148 3466 283 3525 nuntiarit
296 3465 354 3520 dies
368 3466 434 3523 istos
447 3466 590 3524 Timotheo
603 3468 736 3539 discipulo
750 3486 810 3539 suo,
825 3472 936 3530 dicens:
953 3524 956 3531 .
987 3491 1047 3544 suo,
1062 3476 1155 3533 dicens
1169 3496 1176 3532 ε
1193 3477 1260 3546 Quia
1283 3495 1357 3536 arma
1373 3485 1537 3552 preparasti,
1551 3494 1579 3538 et
1594 3493 1715 3542 armatos
1728 3487 1779 3542 lra-

147 3562 183 3617 in
196 3560 341 3616 cecinistis
364 3559 454 3614 dtrbm
476 3561 631 3617 &emendent
654 3561 768 3618 homines
790 3581 806 3620 a
830 3565 898 3636 fids,
914 3578 940 3622 et
988 3567 1037 3624 bes
1051 3568 1133 3635 intus,
1148 3579 1176 3625 et
1189 3571 1388 3627 multitudinem
1403 3574 1522 3643 lapilum
1536 3575 1667 3645 collegisti
1686 3577 1720 3632 ad
1735 3595 1783 3634 ro·

148 3654 253 3708 osrituts
271 3651 387 3704 nuditum
401 3658 527 3715 coartent.
540 3653 640 3723 seipsos
660 3664 793 3720 amantes,
819 3655 891 3710 usuri
912 3664 939 3711 et
990 3659 1177 3730 pugnandum
1191 3670 1220 3716 et
1234 3661 1286 3718 boc
1295 3667 1476 3719 necessarium
1487 3675 1600 3728 nonem.
1614 3682 1664 3722 nco
1676 3654 1781 3738 ali'qnid

149 3750 247 3799 caetera
261 3739 287 3814 (l
297 3739 363 3796 Turn.
378 3757 415 3806 ιι,
430 3740 459 3805 l;
476 3740 519 3807 ll,
534 3757 572 3808 ιιι,
583 3741 623 3810 i).
637 3739 670 3797 Et
684 3743 765 3800 credo
776 3744 852 3810 mibi.
867 3718 975 3801 desi-c
992 3750 1045 3805 tals
1060 3747 1116 3806 lleri
1131 3750 1279 3821 permittas.
1295 3751 1417 3824 Cumque
1431 3771 1548 3824 praesens
1562 3757 1694 3814 audissem
1710 3759 1780 3827 baso,

151 3832 370 3889 doratissimcllli
385 3833 656 3900 ml,nontidcnrlum
671 3836 939 3906 tempusaliud‚nisi
991 3841 1171 3898 necessarium
1195 3842 1355 3910 martinon
1379 3845 1470 3911 habui,
1485 3847 1601 3916 qualiter
1623 3847 1672 3903 bos
1687 3856 1782 3904 rortm

153 3922 296 3980 marrilestc
313 3923 376 3991 boc,
391 3924 417 3978 in
431 3938 485 3993 quo
499 3923 554 3979 sint
567 3924 643 3979 initia
664 3923 797 3989 dolorum,
809 3925 941 3996 quornad·
992 3931 1143 3999 redderent,
1158 3946 1240 4002 quarn
1261 3933 1368 3988 mittere
1394 3933 1456 3988 illus
1475 3945 1617 4006 gyraturos
1632 3950 1680 3991 ner
1694 3946 1782 3992 toturn

154 4020 263 4078 modam
277 4020 406 4075 bomlnus
420 4017 542 4090 praedixit
562 4019 706 4076 adtentum
725 4019 893 4076 lirrticlrristi.
909 4019 944 4074 Et
993 4021 1168 4094 episcopium,
1182 4031 1211 4077 ut
1227 4022 1250 4078 si
1274 4037 1350 4078 arma
1373 4024 1417 4080 vol
1438 4024 1554 4094 lapidem
1574 4025 1713 4091 vidissent,
1730 4026 1783 4095 ipsi

151 4112 217 4168 mibi
244 4111 363 4168 breviter
382 4110 472 4167 dicore
498 4110 679 4168 necessarium
695 4111 780 4166 risum
799 4118 853 4178 est,
867 4119 944 4166 ants·
994 4112 1174 4167 testimonium
1189 4111 1370 4181 perhiberent.
1384 4110 1451 4167 Cum
1462 4123 1551 4168 autem
1564 4116 1656 4178 issent.
1671 4123 1700 4168 et
1714 4114 1783 4170 nibil

151 4219 232 4276 quam
246 4203 274 4259 in
299 4211 357 4260 toto
377 4203 478 4259 mundo
501 4201 645 4274 praevaleat
655 4201 798 4273 judicium.
812 4211 841 4259 et
863 4201 943 4258 llnem
994 4201 1172 4266 invenissent,
1185 4200 1311 4257 subintuli
1327 4202 1367 4259 sis
1379 4217 1428 4273 per
1440 4203 1538 4271 verba,
1551 4204 1623 4273 quod
1644 4219 1784 4273 nunquam

152 4313 247 4354 missus
268 4298 384 4359 tradam,
410 4296 462 4352 boc
486 4296 551 4353 milri
575 4296 702 4368 expedire
720 4296 876 4364 arbitratus,
890 4309 944 4365 quo
995 4288 1139 4360 aliquando
1160 4289 1246 4356 aliter,
1261 4291 1309 4348 scd
1330 4305 1437 4362 semper
1458 4306 1505 4362 por
1525 4293 1739 4362 complexionem
1755 4303 1786 4348 et

155 4387 215 4443 aliis
227 4389 297 4442 mala
308 4386 371 4441 mibi
383 4387 604 4457 preparantibus,
618 4388 749 4443 exsultem
765 4387 945 4458 potiusquam
995 4378 1116 4434 fallacem
1138 4379 1336 4435 accusationum
1360 4381 1516 4435 incederent
1533 4381 1660 4436 adversus
1680 4397 1741 4450 nos,
1756 4392 1788 4437 et

156 4475 246 4531 lisam.
261 4474 344 4543 igitur
358 4484 387 4529 ut
400 4476 470 4530 scias
483 4476 599 4544 qualiter
612 4477 732 4533 sublatus
744 4485 773 4534 et
785 4477 882 4535 ductus
894 4475 946 4531 sim
996 4484 1057 4527 eunt
1071 4471 1097 4525 in
1116 4470 1233 4526 adventu
1246 4469 1353 4527 inlanris
1370 4469 1485 4543 Olympii
1499 4473 1560 4527 rani
1573 4473 1716 4542 cujusdam
1731 4473 1786 4527 ho·

157 4566 306 4622 aliomana
318 4565 394 4630 urbe,
410 4564 445 4619 nil
461 4563 556 4620 lalsum
570 4566 661 4621 audies
674 4566 865 4622 accidentium.
879 4567 945 4622 0m·
997 4563 1076 4618 minis
1099 4577 1159 4618 curn
1182 4564 1262 4617 aroris
1286 4578 1329 4618 nre
1351 4564 1421 4618 hunc
1436 4562 1555 4632 potuisse
1570 4562 1701 4632 repellere
1716 4562 1786 4616 lutc-

158 4655 332 4726 uiaprmsciri
344 4670 390 4723 per
404 4664 489 4710 totum
504 4664 619 4727 tempus,
631 4673 691 4727 qum
707 4659 907 4715 meditabantur
920 4668 946 4728 ⁸,
998 4663 1101 4712 rentur.
1125 4652 1180 4723 Ego
1202 4655 1292 4725 itaque
1315 4663 1377 4710 ante
1403 4656 1489 4709 altare
1514 4654 1633 4710 ecclesius
1656 4654 1687 4708 lc·
1698 4656 1787 4708 trrlurn

158 4757 187 4806 et
208 4755 317 4817 sumpto
340 4748 443 4817 meipso
466 4762 527 4801 cuna
551 4750 624 4802 omni
640 4748 713 4805 clero
729 4766 808 4815 mco,
825 4751 948 4820 privatim
997 4761 1087 4802 meum
1107 4745 1238 4801 habebam
1250 4746 1276 4800 in
1298 4761 1353 4817 qno
1370 4745 1510 4815 jacebam3
1524 4754 1552 4800 et
1566 4745 1682 4800 nondum
1699 4752 1789 4800 trans·

162 4838 248 4895 rnansi
261 4838 287 4892 in
298 4835 412 4891 ecclesia
425 4836 573 4892 saltatoris
588 4839 671 4892 nostri
685 4837 747 4895 iesu
762 4839 872 4908 Christi,
888 4856 948 4912 qum
999 4846 1058 4893 acta
1072 4835 1159 4892 media
1185 4835 1266 4900 hora,
1281 4850 1345 4890 ecce
1359 4837 1493 4891 exercitus
1506 4852 1567 4892 curn
1581 4840 1620 4892 eis
1634 4837 1744 4892 veniens
1759 4837 1787 4892 in

162 4928 367 4998 cognominatur
389 4924 624 4995 Constantiniana,
649 4942 709 4998 quo
733 4929 819 4999 prima
840 4930 867 4985 in
891 4939 949 4987 toto
999 4927 1149 4992 sectoriam.
1164 4925 1317 4981 obumbrati
1331 4942 1425 4984 omncs
1437 4928 1791 4996 torrenteslanreasetspa·

163 5017 264 5077 mundo
278 5025 432 5074 eonstnrrta
445 5027 473 5071 et
485 5016 603 5072 stabilita
617 5024 660 5073 est
677 5032 692 5071 a
706 5017 792 5074 beatae
813 5019 949 5076 raemoriae
1002 5017 1061 5073 tbas
1073 5032 1145 5079 suas,
1159 5017 1223 5086 quin
1238 5024 1265 5071 et
1275 5031 1354 5072 arcus
1366 5031 1429 5072 suos
1443 5024 1550 5086 paratos
1564 5031 1615 5072 una
1627 5032 1688 5072 curn
1703 5018 1791 5074 scutis

162 5109 338 5168 consummo
358 5108 538 5180 imperatore,
558 5116 587 5163 ct
608 5115 649 5164 est
671 5105 748 5177 juxta
771 5108 947 5180 episcopium.
1001 5112 1065 5178 suis,
1080 5121 1106 5168 et
1120 5108 1189 5166 lactu
1202 5121 1264 5165 sunt
1277 5110 1330 5165 illic
1343 5125 1402 5180 qum
1415 5125 1465 5166 uec
1476 5110 1589 5166 dicentia
1601 5119 1673 5169 sunt.
1685 5114 1792 5176 Quom-

163 5204 221 5260 ltlto
234 5203 411 5258 enimomnes
425 5214 605 5256 norseormm
619 5199 817 5256 normanna
829 5199 873 5255 dic
884 5199 951 5255 Sab-
1002 5207 1145 5262 admodum
1163 5219 1279 5274 namque
1300 5204 1327 5259 in
1341 5203 1448 5259 hinnali
1464 5215 1586 5272 tenpore
1604 5202 1792 5259 rectoratus

164 5293 230 5359 bati,
253 5291 360 5363 qllandli
379 5289 514 5360 calliopii
535 5304 596 5344 cum
612 5286 762 5344 Ravennall
776 5287 908 5351 elewiul,
923 5296 952 5343 ei
1003 5298 1084 5352 [lapte
1097 5296 1160 5353 solia
1172 5311 1207 5350 nx
1220 5296 1360 5351 arboribus
1374 5310 1503 5362 concussa
1516 5295 1627 5362 padum,
1643 5294 1679 5348 ita
1694 5309 1792 5361 percu.

169 5381 311 5437 Tb0⁰ll⁰¹0
325 5379 505 5448 tibi⁶⁰¹²¹i⁰r
520 5376 640 5435 humilii
651 5378 798 5434 edibilem·
813 5377 871 5435 ”¹⁸5
884 5395 951 5451 “8⁰
1004 5389 1138 5444 tisbantur
1150 5387 1232 5442 armis
1245 5385 1362 5441 cnnlclac
1373 5393 1474 5440 sanctae
1487 5383 1618 5449 errlrsta,
1632 5392 1659 5438 st
1672 5394 1792 5438 returnar

166 5475 194 5529 ln
208 5474 315 5531 obviam
328 5473 387 5545 elus
399 5472 529 5544 quosdam
543 5487 577 5528 ex
595 5471 668 5528 clero
683 5488 689 5525 :
704 5471 799 5542 quibus
820 5472 953 5544 surreptis
1004 5479 1211 5535 excutiebantur
1223 5477 1250 5532 irr
1265 5476 1444 5547 pauimentum
1454 5491 1462 5541 3
1473 5482 1501 5529 et
1514 5473 1673 5529 audiebatur
1686 5473 1793 5529 mnrium

168 5565 195 5620 io
206 5566 316 5635 palatio.
327 5565 468 5621 mttmnrlr
480 5573 508 5622 et
521 5579 565 5622 me
579 5579 639 5621 cum
652 5563 692 5620 eis
704 5577 773 5619 esse.
785 5563 850 5620 crin
861 5571 952 5619 autem
1006 5569 1051 5640 qui
1066 5568 1093 5624 in
1106 5568 1200 5624 eadem
1224 5564 1305 5622 llebat
1316 5565 1439 5632 ecclesia,
1454 5564 1538 5620 toluti
1553 5564 1668 5620 tonitrus
1680 5563 1794 5632 nuttam

169 5656 317 5727 qumsbset.
332 5664 359 5712 ct
372 5671 426 5713 uon
440 5655 595 5722 invenisset,
610 5654 677 5713 dixit
688 5653 781 5728 primis
791 5653 872 5714 cleri:
884 5651 952 5723 Quia
1005 5661 1142 5722 horribilis
1155 5669 1208 5718 tam
1221 5674 1257 5717 er
1270 5672 1394 5732 pressura
1405 5671 1553 5727 armorum,
1567 5670 1647 5728 quana
1659 5670 1695 5714 ss
1706 5656 1795 5715 multi

206 5796 218 5824 ⁸
236 5785 314 5845 uon.
329 5786 403 5844 addit
415 5786 513 5846 irrirrrtei
524 5788 649 5845 tenutis.
