3788 6126
128 174 199 232 teos
689 171 828 229 baulani
846 172 1031 232 utctathsts
1051 172 1201 232 selmum
1682 174 1756 231 18⁸

131 284 306 346 serenissimo
320 284 473 342 Christiano
486 282 639 341 Theodosio
655 285 776 357 principe
798 287 825 341 in
844 288 955 356 regiaA
1003 287 1122 358 Demptis
1150 288 1193 344 his
1218 287 1355 356 omtmhus,
1374 287 1502 360 deinceps
1525 288 1756 347 comtiastssuno

128 381 194 438 urbe
209 378 438 447 Constantinopoli
460 387 566 434 centum
587 378 779 448 quinquaginta
805 379 919 445 Petrum
962 380 1144 436 lustiniaao
1136 392 1312 452 imperatore,
1327 382 1404 452 cujus
1423 397 1485 438 cum
1506 381 1616 439 nomine
1629 389 1658 439 et
1676 397 1757 452 opera

127 472 243 559 cottcilio
257 480 429 540 congregato,
445 471 554 540 perditae
574 470 694 527 audaciae
708 482 846 528 auctorem
863 490 915 528 una
965 478 1131 543 micttcrum,
1156 489 1167 515 ¹
1189 478 1364 535 existentibus
1385 478 1546 550 quibusdam
1566 477 1611 549 qui
1634 489 1757 535 sanctam

127 581 188 621 cum
212 562 349 618 sersenatis
375 563 431 617 suis
457 560 710 633 presumptionibus
735 565 915 620 anathematis
964 567 1210 626 clntccdnnenscta
1226 570 1359 642 synodum
1379 571 1429 625 suh
1442 585 1522 625 naevo
1541 569 1704 626 offensionis
1717 586 1759 626 re-

125 657 233 714 viuculo
256 655 432 710 subdiderunt
454 651 545 728 [subdi
561 655 703 730 decrerit}
729 656 778 713 llis
801 657 945 727 sopitis,
964 658 1046 728 jicere
1058 660 1120 733 [suh
1132 675 1236 716 naevum
1251 660 1289 716 ol.
1302 660 1376 730 rejici
1390 657 1528 732 oportere]
1545 660 1759 718 inconsideratis

126 744 310 805 clandestinus
337 745 422 801 hostis
452 745 508 799 suis
535 744 644 802 nefariis
671 746 915 802 machinationibus
966 754 1076 809 vocibus
1093 753 1268 824 jactitabant:
1285 761 1375 808 tenca
1392 752 1506 809 Praelato
1522 752 1647 824 principe
1661 752 1759 808 iterato

126 855 180 895 non
202 839 293 895 sinens
317 848 436 907 pacatam
464 838 509 893 lici
536 839 682 894 Ecclesiam
709 855 836 908 manere,
854 839 915 912 'qui
966 844 993 898 iu
1016 847 1087 913 regia
1111 844 1177 899 urbe
1199 830 1432 912 Constantinopoli
1455 841 1583 908 concilio,
1598 841 1758 913 congregati

127 944 233 999 semper
251 929 404 984 consnciata
425 927 552 985 diuellere
575 939 602 984 ct
623 931 788 985 consolidata
811 931 917 1001 di.=per-
966 945 1027 990 sent
1041 950 1090 989 ccx
1106 934 1247 990 uenerandi
1268 933 1360 990 Patres
1383 933 1538 1006 [conscilium
1559 941 1756 1003 congregatum

125 1020 362 1086 dereconsucvit,
386 1019 517 1076 excitatus
539 1030 581 1075 est
602 1020 683 1076 homo
698 1023 820 1091 peccati,
845 1024 916 1079 itlius
965 1035 1008 1079 est
1034 1023 1084 1078 llil
1110 1025 1322 1080 verterundorum
1347 1023 1487 1094 Petrum];
1511 1023 1630 1093 capitula
1653 1024 1710 1089 illa,
1725 1022 1758 1079 de

126 1112 294 1181 perditionis,
308 1113 452 1168 humanam
469 1113 575 1182 quidem
591 1114 692 1170 babens
707 1117 844 1184 speciem,
868 1118 915 1173 sed
967 1115 1062 1182 quibus
1076 1115 1196 1169 inlamari
1214 1109 1372 1187 [infamare]
1383 1113 1545 1184 gestiebant.
1558 1111 1757 1183 obloquentem

125 1205 284 1260 diabolicam
306 1215 416 1274 gestans
439 1203 602 1275 imaginem,
628 1204 767 1261 Nestorius
786 1206 914 1276 quidam,
966 1204 1119 1273 praedictam
1142 1204 1389 1259 Cisalcedonensem
1409 1201 1539 1274 synodum
1554 1201 1591 1256 ah
1610 1201 1686 1256 omni
1712 1217 1757 1256 su-

125 1295 426 1363 constantinopolitana
452 1296 581 1352 Ecclesiae
607 1299 690 1368 magis
717 1299 809 1368 praedo
835 1314 915 1368 quam
965 1296 1085 1366 spicionc
1111 1300 1182 1365 pravi
1196 1295 1297 1351 erroris
1319 1294 1487 1350 absolventes
1509 1293 1696 1382 [absolveush
1712 1293 1757 1348 tria

126 1397 229 1458 pastor,
245 1387 290 1456 qui
304 1388 393 1457 posuit
407 1387 434 1442 in
448 1388 546 1444 coelum
560 1404 591 1444 os
603 1402 696 1455 suum,
712 1398 740 1445 ct
755 1391 842 1460 lingua
857 1391 916 1460 ejus
966 1386 1094 1456 capitula,
1106 1401 1153 1455 pro
1168 1385 1264 1456 quihus
1276 1385 1462 1450 accusabatur,
1477 1398 1569 1452 aperta
1582 1383 1756 1438 damnatione

128 1480 233 1535 transiit
250 1488 462 1548 superterram,
487 1480 512 1534 in
536 1489 617 1535 tante
637 1482 795 1551 perditionis
810 1483 914 1539 lanceam
966 1478 1028 1532 lecit
1049 1477 1156 1542 ulcisci;
1172 1477 1216 1533 ubi
1237 1486 1265 1532 et
1281 1477 1454 1532 decessorum
1471 1474 1578 1529 Patrem
1599 1475 1712 1544 regulas
1732 1482 1764 1530 et

126 1569 277 1638 demersus,
290 1577 318 1624 ut
330 1569 400 1624 laste
413 1570 607 1638 superbissimo
621 1580 648 1625 et
661 1568 746 1628 iretus
760 1573 916 1628 temeritatis
966 1566 1096 1623 fortunius
1110 1582 1194 1623 sucre
1218 1567 1392 1621 ittslilulionis
1412 1572 1567 1632 §struentes
1591 1572 1714 1619 sancum
1733 1571 1759 1618 sl

124 1659 253 1726 audacia,
277 1675 359 1715 ausus
372 1661 408 1715 sit
422 1659 513 1716 dicere
529 1661 633 1716 beatam
659 1661 768 1717 hieriam
792 1678 844 1718 uon
867 1663 915 1719 liei
933 1655 1164 1715 Eimmaculutam
1175 1656 1355 1713 orthodoxam
1370 1654 1449 1710 iidem
1463 1653 1601 1715 vivacibus
1615 1653 1759 1710 sententiis

126 1751 294 1823 genitricem,
306 1752 353 1807 sed
367 1753 553 1807 tantummodo
568 1751 683 1808 lerninis
698 1752 779 1809 tuisse
791 1765 915 1821 matrem,
968 1746 1133 1812 roberantes.
1146 1745 1326 1802 iratissimus
1342 1744 1520 1802 recchonem
1534 1743 1707 1816 [semimitas
1718 1759 1760 1801 ss·

127 1851 155 1898 ct
170 1849 277 1913 propter
290 1830 404 1899 dearum
418 1844 558 1899 veritatem
580 1853 734 1899 naturarum
758 1845 917 1915 tergiversa-
966 1837 1094 1910 sertionc]
1108 1838 1346 1894 confirmaverunt.

128 1935 226 1990 tionem
242 1935 363 2001 iaciens,
388 1936 454 1990 duas
468 1936 494 1991 in
509 1936 616 1992 Christo
630 1936 764 1992 asserebat
781 1952 841 1992 csse
857 1953 918 2006 pcr-
1003 1933 1084 1999 Ecce,
1105 1932 1325 2002 praestantissime
1349 1930 1487 2003 prinecps,
1509 1929 1687 1999 antiquorum
1713 1929 1761 1985 Pa·

125 2043 218 2093 sonas,
230 2045 309 2084 unam
323 2029 477 2098 passibilem
490 2041 517 2085 et
529 2029 610 2084 aliare
623 2029 825 2100 impassibilem.
841 2030 916 2097 Qtrnd
968 2036 1038 2080 trum
1052 2035 1162 2091 statuta,
1179 2038 1230 2079 uea
1245 2038 1307 2080 cum
1324 2037 1458 2079 consensu
1473 2021 1660 2093 plissimorum
1677 2024 1761 2090 impe·

126 2117 265 2175 infandum
277 2118 374 2189 dogma
389 2120 492 2188 piorum
508 2135 587 2177 aures
600 2135 653 2175 uon
671 2121 787 2176 lercntes
797 2119 917 2194 [auribus
967 2127 1086 2174 ratarum
1110 2117 1231 2183 delinita,
1251 2130 1311 2186 quac
1332 2115 1445 2171 convelli
1470 2114 1512 2170 sel
1533 2114 1667 2170 intirmxri
1691 2112 1760 2170 nulla

127 2225 182 2264 non
198 2207 378 2282 terentibus],
403 2220 563 2282 cottgregata
587 2221 629 2266 est
642 2222 734 2267 sancta
748 2213 867 2283 synodus
891 2214 916 2266 in
969 2211 1073 2265 ratione
1088 2209 1174 2278 pictas
1189 2217 1276 2264 vestra
1291 2208 1440 2276 permittat.
1453 2204 1520 2260 Nam
1535 2205 1558 2260 si
1578 2215 1642 2260 sunt
1657 2205 1704 2274 qui
1717 2221 1762 2257 au·

128 2303 262 2374 Ephesina
283 2304 413 2370 ciuitate,
438 2303 616 2358 ducentorum
640 2315 793 2364 sanctorum
809 2304 918 2362 Patrem
967 2303 1041 2360 dacia
1068 2303 1214 2359 dialecticae
1236 2301 1303 2357 attis
1326 2301 1429 2368 inflati,
1449 2302 1612 2357 cothurnata
1640 2300 1760 2366 uertice,

127 2409 265 2460 numerus,
281 2394 326 2450 ubi
342 2405 442 2450 sanctae
456 2398 593 2450 memoriae
603 2396 918 2467 cyrilluslllexandrinae
969 2396 1063 2452 buccis
1092 2392 1313 2462 tumescentibus,
1335 2392 1450 2447 sinuosis
1475 2389 1712 2446 circumitionibus
1735 2400 1761 2444 et

127 2484 255 2541 Ecclesiae
267 2486 377 2556 praesul,
391 2485 549 2541 auctttritate
562 2495 662 2542 sanctae
676 2489 751 2542 sedis
764 2487 918 2557 apostolicas
971 2484 1284 2554 llcxuusisamhagihus,
1300 2482 1418 2553 phaleris
1437 2481 1579 2537 rethorum
1602 2478 1761 2551 pompisque
1800 2537 1804 2544 ,

127 2576 267 2647 preditus,
283 2585 364 2645 caput
378 2577 490 2641 exstitit,
507 2579 552 2646 qui
567 2575 772 2634 ferventissimo
785 2580 845 2635 acle
859 2573 922 2648 bei,
969 2591 1137 2641 sermonum,
1151 2590 1200 2631 sua
1220 2574 1296 2630 lereli
1311 2572 1455 2629 calliditate
1469 2570 1619 2640 simplicem
1643 2568 1707 2624 lidei
1722 2584 1763 2622 ra·

127 2676 205 2724 scuto
220 2667 282 2723 lldci
296 2678 323 2724 et
338 2667 420 2723 lorica
436 2677 571 2738 protectus
584 2669 723 2726 catholice
737 2671 918 2740 auctoritatis,
970 2672 1072 2725 tiottcm
1092 2667 1254 2730 convellere,
1268 2675 1295 2721 et
1315 2664 1452 2739 delegatas
1471 2677 1487 2717 a
1510 2662 1636 2717 Patribus
1658 2659 1763 2730 regulas

129 2760 263 2816 haereticae
277 2761 415 2828 pravitatis
429 2760 596 2817 inuentorem
608 2771 637 2818 et
649 2773 809 2819 assertorem
823 2762 920 2834 iniqni-
968 2760 1127 2818 conculcare
1143 2758 1184 2814 rel
1200 2768 1333 2823 tentcrare
1348 2755 1492 2820 voluerint,
1507 2768 1602 2809 eorum
1616 2752 1763 2808 inhesioei·

130 2850 191 2907 tatis
205 2851 345 2921 prelatum
361 2851 514 2908 Nestorium
536 2869 597 2908 cunt
613 2851 693 2927 [suis]
708 2855 824 2925 vipereis
843 2871 919 2910 cont·
970 2853 1020 2908 bus
1037 2850 1212 2921 tranquillitas
1234 2859 1324 2904 vestra
1338 2863 1393 2903 non
1410 2847 1585 2917 acquiescat:
1601 2844 1650 2900 sed
1673 2859 1762 2900 recor·

129 2943 227 2998 mutatis
247 2953 377 3013 perpetuo
398 2943 571 2998 attathemate
590 2946 792 3001 cnttdcttmarit.
819 2945 920 3001 Dehinc
972 2941 1071 2996 demini
1097 2939 1213 3006 crealiter
1237 2937 1364 3008 propheta
1389 2936 1473 2991 dicit:
1492 2935 1606 2990 Varium
1625 2936 1763 2991 breviati·

129 3047 194 3088 vero
205 3031 256 3088 dua
269 3049 331 3090 uasa
344 3033 493 3106 iniquitatis
508 3035 645 3103 bellantia,
660 3036 802 3092 Dioscorus
815 3038 921 3094 scilicet
934 3003 958 3067 C
972 3035 1047 3104 faciet
1064 3031 1190 3087 Dorrtx'nus
1203 3047 1279 3099 super
1293 3040 1386 3084 terram
1401 3026 1470 3100 (ltu.
1486 3028 1528 3096 x);
1544 3027 1615 3098 quod
1632 3041 1681 3097 per
1704 3042 1763 3082 sau-

130 3123 326 3181 alexandrinus
342 3126 458 3196 presul,
479 3136 507 3180 et
521 3125 656 3197 Eutyches
669 3120 944 3197 Gottstantiaopoli·'
971 3133 1031 3180 ctos
1055 3123 1192 3193 apostolos
1214 3121 1329 3177 uidimus
1352 3120 1503 3187 impletum.
1520 3116 1589 3185 Quid
1604 3117 1680 3173 ettim
1704 3117 1763 3172 bre·

128 3225 208 3272 ιιιιιιιι
233 3216 464 3285 archimandrita,
498 3215 569 3270 intra
594 3215 764 3272 venerandos
790 3216 921 3272 Ecclesiae
971 3217 1039 3280 rins,
1052 3213 1137 3286 quam'
1148 3214 1262 3283 simplex
1278 3212 1338 3266 ildci
1360 3211 1512 3282 symbolum
1525 3209 1560 3265 ab
1574 3209 1708 3278 apostolis
1728 3207 1765 3261 in-

129 3309 237 3375 aditus,
265 3320 292 3364 ut
315 3326 402 3366 saevus
424 3325 523 3367 cancer
544 3309 634 3365 ornnia
655 3326 764 3382 serpere
783 3313 921 3381 cupientes
971 3308 1111 3370 stittttnm,
1129 3304 1156 3360 in
1175 3318 1229 3374 qno
1255 3300 1396 3374 mysticum
1428 3298 1589 3356 sacramenti
1612 3298 1765 3354 continetur

132 3398 213 3470 [sara
228 3411 398 3454 carxcrotnata
414 3415 524 3471 serpere
544 3401 719 3474 seniorecti,
742 3402 921 3471 simpliciores
971 3413 1096 3454 arcanum
1105 3397 1116 3452 i
1126 3396 1192 3452 Nam
1205 3395 1227 3451 si
1241 3395 1360 3470 [regulas
1372 3390 1446 3464 lidei]
1458 3391 1568 3461 relegas,
1583 3389 1765 3460 insignissime

130 3503 252 3558 quosque
263 3499 337 3558 peste
349 3489 457 3544 nelarie
472 3492 654 3560 persuasionis
668 3494 777 3548 inlicere
788 3493 920 3559 volemus,
972 3493 1125 3561 imperator,
1140 3504 1192 3543 uota
1215 3502 1276 3542 cum
1291 3486 1446 3550 dialecticis,
1463 3499 1516 3540 non
1531 3498 1592 3540 curu
1608 3482 1761 3547 rhetoricis,

130 3580 176 3648 qni
197 3580 355 3635 asserebant
376 3583 402 3635 in
418 3579 533 3638 llotttiuo
547 3594 640 3641 nostro
652 3584 715 3640 lesu
729 3585 837 3640 Christo
858 3595 921 3642 ante
972 3599 1025 3639 nen
1040 3598 1099 3638 cum
1117 3580 1311 3652 grammaticis,
1324 3578 1372 3635 sed
1386 3592 1445 3633 cum
1466 3575 1594 3632 ruricolis
1608 3583 1638 3631 et
1651 3573 1765 3643 piscato·

132 3670 334 3737 adunationem,
347 3671 413 3727 duas
428 3683 547 3739 naturas,
565 3684 626 3744 post
639 3689 703 3730 tero
718 3675 919 3746 adunationem,
974 3678 1048 3733 ribus
1068 3675 1198 3731 Dominus
1213 3672 1302 3742 posuit
1317 3670 1332 3711 ¹³
1345 3670 1487 3736 rationem,
1502 3679 1530 3725 et
1542 3667 1586 3723 his
1601 3666 1712 3722 tradidit
1725 3664 1763 3719 sui

132 3775 224 3816 urtam.
249 3761 324 3817 'lutto
337 3776 351 3814 a
366 3763 587 3831 prestantissima
599 3774 628 3842 et
643 3765 802 3821 Christianae
817 3766 924 3837 religio·
975 3779 1080 3825 sccreta
1095 3765 1211 3831 consilii,
1224 3777 1292 3834 quos
1305 3771 1334 3819 et
1359 3761 1493 3832 principes
1507 3756 1654 3822 ordinavit,
1670 3755 1765 3827 quibus

132 3854 174 3909 eis
189 3863 308 3909 amatore
323 3853 456 3908 llarciauo
470 3855 632 3923 imperatore
649 3855 760 3911 collecta
774 3866 817 3912 cst
830 3870 922 3914 sancta
976 3857 1074 3928 ligandi
1089 3853 1264 3925 solvendique
1283 3853 1373 3909 tribuit
1389 3861 1567 3923 potestatem;
1584 3863 1678 3904 noune
1692 3847 1765 3902 robis

132 3945 252 4017 synodus
266 3945 293 4000 iu
304 3946 413 4001 civitate
424 3946 603 4014 chalcedone,
614 3959 802 4004 sexcentorum
817 3951 922 4021 triginta
975 3950 1098 4015 videtur,
1120 3948 1224 4017 optime
1253 3943 1415 4015 imperator,
1440 3939 1651 3997 dementissimae
1671 3935 1765 3992 meeth

133 4039 243 4094 Patrem
253 4037 404 4093 veneranda
416 4037 628 4109 cohors,quihus
640 4041 803 4098 mediatores
815 4040 923 4098 luerunt
974 4054 1044 4106 esse,
1065 4040 1110 4110 qui
1131 4038 1293 4108 apostolicas
1316 4035 1490 4100 traditiones,
1516 4043 1544 4087 et
1569 4030 1764 4088 tencnbitiuat

133 4128 280 4185 beatissimi
291 4128 413 4199 presulis
424 4127 521 4183 heortis
532 4129 606 4183 urbis
616 4128 707 4184 noma
719 4130 923 4200 ntissi‚quornm
974 4134 1083 4190 Parrum
1108 4131 1225 4187 instituta
1249 4128 1396 4198 depravare
1423 4125 1570 4184 destinanti
1597 4125 1654 4181 llos
1677 4134 1764 4179 autem

133 4223 292 4278 auctoritate
308 4221 428 4292 praedicti
443 4220 588 4278 Dioscorus
607 4231 634 4277 et
649 4205 784 4294 Eutyches
804 4223 923 4278 haeretici
975 4222 1140 4294 omnesqui
1163 4222 1213 4277 sub
1237 4220 1409 4277 felicissimos
1431 4228 1459 4274 et
1482 4216 1765 4274 christianissima

135 4310 340 4366 anathematicis
365 4311 499 4366 sententia
526 4312 665 4380 perculsi,
692 4320 769 4368 extra
793 4313 923 4382 gremium
979 4314 1034 4369 beo
1056 4311 1243 4367 custodiendos
1268 4310 1413 4381 principes,
1436 4306 1767 4374 contaminationes

136 4403 230 4458 matris
252 4402 380 4458 Ecclesiae
402 4402 542 4459 catholice
564 4413 626 4459 sum
648 4404 738 4472 eiecti.
764 4403 813 4472 Qui
837 4406 923 4459 sancti
978 4404 1217 4461 excellentissimos
1231 4416 1309 4472 reges
1328 4399 1486 4456 Christiane
1510 4396 1651 4478 religionis
1665 4407 1766 4451 amato·

134 4493 272 4549 Patres'in
287 4494 404 4550 concilio
419 4496 575 4560 constituti,
598 4496 670 4550 omui
685 4495 853 4552 cauillatione
868 4496 924 4551 he·
940 4498 946 4506 '
974 4513 1030 4564 res,
1044 4509 1096 4550 unu
1110 4510 1170 4552 eum
1185 4510 1278 4550 eorum
1292 4501 1383 4548 sancta
1400 4489 1544 4547 deuotione
1559 4488 1617 4558 pari
1634 4499 1726 4543 tenore
1739 4493 1766 4541 et

135 4582 225 4638 ceticae
240 4585 380 4653 pravitatis
394 4585 501 4651 abrasa,
517 4585 576 4641 lidci
592 4585 748 4642 laudamine
761 4595 922 4655 statuentes,
974 4587 1124 4644 maerentia
1149 4584 1307 4642 traditiones
1330 4591 1482 4638 sanctorum
1505 4581 1704 4649 apestolorum,
1717 4593 1764 4635 ssu

135 4673 355 4743 splendidissimo
366 4691 491 4732 sermone
504 4687 532 4732 et
541 4678 673 4748 elegantia
685 4680 794 4734 urbanae
805 4680 925 4736 scientie
975 4677 1258 4734 reverendissimorum
1280 4675 1400 4737 Patrem,
1414 4672 1459 4743 qui
1473 4672 1500 4726 in
1516 4670 1683 4738 supradictis
1703 4681 1766 4726 eurt-

135 4764 287 4836 symbolum
297 4765 453 4822 orthodoxe
463 4767 524 4823 ddei
534 4771 719 4837 coniecerunt,
730 4780 803 4827 retro
814 4770 923 4826 Patrem
976 4772 1044 4828 ciliis
1063 4769 1216 4833 adfuerunt,
1230 4768 1302 4822 omni
1316 4781 1377 4822 cum
1394 4761 1581 4837 [Felieissimis
1595 4773 1624 4817 ct
1640 4762 1766 4818 Christia-

136 4857 249 4927 vestigia
262 4844 418 4928 sequentes,
430 4869 486 4914 tant
498 4862 583 4917 sancti
598 4862 699 4919 Nicrenl
712 4864 830 4931 concilii,
845 4879 924 4936 quatu
977 4863 1094 4919 nissimis
1116 4873 1175 4919 eta
1194 4860 1249 4917 Deo
1272 4857 1454 4914 custodiendis
1477 4855 1645 4926 principibus
1670 4851 1766 4910 nostris

136 4947 446 5020 Constantittopolitani,
472 4966 520 5007 scu
544 4952 671 5022 Epltesiui
690 4956 789 5022 primi,
813 4971 925 5026 quorum
979 4957 1095 5012 dominis
1116 4945 1306 5011 'Perctbaritet
1320 4950 1459 5018 cunibert,
1481 4948 1767 5019 praeexcellentissimis

136 5038 321 5096 sanctionibus
344 5042 391 5097 llel
417 5041 537 5098 Ecclesia
559 5044 586 5099 in
608 5053 665 5100 toto
685 5046 750 5102 orbe
770 5047 924 5104 decoratur.
978 5049 1087 5119 regibus
1099 5043 1361 5119 (longobardorum),
1375 5041 1532 5098 Christianae
1543 5040 1680 5111 religionis
1697 5053 1767 5093 ama·

135 5127 165 5184 ln
179 5132 276 5200 quibus
299 5133 555 5205 promulgationibus
575 5145 746 5205 statuentes,
772 5147 801 5193 ut
821 5139 843 5194 si
866 5140 927 5209 quis
979 5140 1079 5196 toribus
1091 5152 1193 5203 sumus,
1207 5151 1258 5192 una
1271 5150 1343 5200 cum,
1355 5131 1420 5206 etc]
1435 5131 1609 5187 veneratione
1620 5132 1765 5200 suscipere,

136 5235 215 5291 supra
232 5223 259 5280 id
274 5226 344 5296 quod
361 5226 459 5282 ibidem
481 5227 508 5282 in
530 5242 610 5284 causa
629 5228 690 5285 lidei
712 5240 841 5285 statutum
864 5241 925 5300 cst,
978 5231 1115 5302 amplecti,
1139 5228 1298 5292 dciettdcrc,
1323 5225 1485 5296 predicare,
1511 5224 1648 5293 praecipue
1671 5231 1766 5277 uncta

135 5311 236 5370 addere
248 5323 295 5369 aut
308 5315 430 5374 minuere
444 5320 656 5391 presumpserit,
672 5320 851 5377 anathematis
866 5321 925 5376 tin·
978 5324 1116 5380 memoriae
1139 5320 1238 5376 Leonis
1263 5317 1419 5388 apostolice
1444 5316 1517 5372 sedis
1540 5315 1665 5386 praesulis
1686 5314 1765 5378 dicta.

136 5406 199 5461 culo
212 5405 374 5477 subjaceret.
979 5415 1026 5471 sed
1050 5414 1131 5470 etiam
1153 5410 1317 5467 orthodoxos
1333 5408 1440 5478 Patres,
1453 5406 1500 5478 qui
1515 5420 1563 5479 per
1583 5404 1692 5464 diversa
1711 5401 1766 5460 hex

173 5551 187 5579 ¹
203 5540 231 5597 ln
244 5553 365 5601 mseras
378 5547 512 5604 ιιιιιιιιιει
525 5552 666 5621 quosdam·
685 5551 711 5609 itt
728 5552 825 5609 nestris
840 5567 926 5609 mem·
1015 5543 1029 5584 '¹
1046 5543 1101 5600 V⁰¹
1116 5541 1165 5599 5⁸2²
1192 5553 1245 5598 ¹¹0ss
1258 5545 1298 5595 ²⁵²
1313 5537 1340 5594 1¹¹
1355 5551 1407 5594 ωδ·

139 5614 240 5680 brettis,
254 5616 405 5671 exstiterunt
417 5621 530 5687 quidam.
