3788 6126
10 5666 30 5743 i

165 264 217 321 385

200 380 296 448 Vipera
309 394 381 448 sepe
388 379 474 447 ioum,
484 383 574 451 ripere
587 399 657 451 stepe
668 394 758 449 nocue.

169 470 246 525 dorm
261 471 386 526 soluturis
399 481 477 540 psstu
489 486 615 544 serpente
628 475 731 531 medat·
748 487 808 542 estc

199 560 359 626 Cuniiciuut,
376 572 389 599 t
404 561 506 630 psiiuut
521 564 577 633 ipsu
592 578 694 620 uenena
708 579 802 620 neces.

170 652 273 708 dicteria
286 651 349 707 ierri
363 652 476 721 simpiex
490 662 518 711 et
527 655 606 709 nuria
618 665 724 711 certmst
735 672 742 721 ;

201 744 296 814 impios
310 744 372 799 inde
382 751 470 810 nocet,
484 745 600 801 rusticus
614 747 675 802 inde
691 747 789 817 piacet.

171 831 220 902 ipsu
235 834 304 902 parit
317 847 436 902 gemmus
447 836 577 903 pretiosos
587 843 657 890 term
672 836 790 904 lepidos:

198 922 255 991 ipsa
269 922 315 976 dot
326 929 354 978 et
365 939 469 993 uepres,
484 926 577 993 spinea
591 926 672 994 iignu,
687 940 771 980 rosas.

172 1010 274 1067 Delicias
288 1020 443 1082 inertesque
457 1021 616 1082 parnt-mare
627 1015 753 1070 ductibus
767 1015 859 1080 situm,

199 1103 231 1157 Et
244 1110 355 1170 generat
369 1103 456 1172 pelugi
470 1104 601 1159 conchula
616 1106 730 1161 diuitias.

172 1190 230 1246 dero
245 1193 387 1261 temperies
400 1194 472 1249 suris
484 1195 608 1253 vitutibus
621 1204 713 1266 aptet,

198 1282 260 1348 Qum
271 1293 398 1354 corrupto
413 1285 470 1340 dies
485 1285 497 1322 i·
513 1289 634 1357 corripit,
647 1299 727 1358 atoue
740 1291 855 1347 noiomo.

173 1371 239 1425 diras
251 1372 294 1426 rei
306 1373 423 1442 piac-idos
437 1375 536 1430 retinet
546 1387 640 1433 natura
651 1381 788 1446 uolucres';

202 1460 298 1516 dioride
309 1461 432 1518 columbo
444 1464 499 1520 oris
513 1474 564 1530 est,
578 1484 672 1538 aspum
683 1471 772 1527 ruitur
785 1472 852 1527 osis.

174 1549 280 1606 Nubibus
293 1554 412 1621 aggestis
425 1554 530 1623 piuriae,
543 1557 597 1622 nix,
613 1558 749 1627 grundo,t
764 1562 858 1632 pruiuo
901 1616 905 1631 ,

201 1643 347 1714 dignentur
359 1646 471 1713 uicibus,
483 1648 586 1713 ordine,
598 1650 657 1718 iege
671 1651 735 1722 poli.

176 1729 262 1787 dSulis
272 1734 403 1803 temperie
416 1736 521 1806 species
541 1738 689 1806 gratissimo
702 1739 805 1806 mundi,

201 1819 297 1876 (iuncta
313 1824 428 1877 creanda
443 1832 455 1862 ·
471 1827 549 1895 parit,
562 1837 657 1883 cuncta
672 1839 763 1886 creato
783 1828 792 1869 ῐ
810 1830 892 1887 iuret.

178 1906 384 1979 toquentem
397 1912 492 1968 humus
510 1915 600 1983 dures,
617 1924 645 1971 et
657 1918 752 1973 messis
762 1920 877 1987 aristus3

203 1996 261 2055 Soie
274 2010 400 2070 perustus
414 2015 477 2072 ager
492 2006 577 2074 putris
590 2021 672 2063 arens
690 2008 772 2079 jacet.

176 2089 281 2158 Corpora
294 2091 336 2146 soi
351 2092 437 2147 reiicit
449 2095 540 2163 radiis,
555 2104 583 2151 et
592 2113 706 2166 corpora
720 2109 801 2157 vexat
818 2120 825 2158 :

204 2176 305 2233 sottum
318 2179 430 2235 ulterius
443 2181 516 2250 itque
527 2184 649 2254 reditque
662 2188 742 2243 seius.

160 2263 254 2319 (ironia
269 2282 320 2322 nec
332 2269 485 2333 molosont,
502 2286 552 2327 nee
564 2275 707 2330 sontium
721 2277 809 2334 sideru
829 2280 890 2335 cmii
906 2298 913 2334 :

205 2353 305 2410 Lucifer
320 2359 371 2411 tuoe
384 2357 485 2425 docuit,
497 2369 510 2406 t
520 2359 595 2416 sidus
607 2370 634 2418 et
649 2363 700 2419 hoc
712 2365 811 2422 docuit.

146 2439 317 2512 ffcmpeeieu
329 2447 391 2501 coeii
404 2449 521 2504 medium
533 2465 584 2506 nec
594 2455 711 2521 possidet
725 2458 834 2523 orbem:

205 2534 263 2590 iiam
274 2536 309 2591 de
318 2538 437 2608 quinque
449 2540 535 2610 plagis
545 2543 588 2596 rix
603 2543 684 2601 habet
698 2547 753 2616 ipss
768 2548 844 2605 duat.

616 267 795 324 unncomtt
813 265 1014 324 ttsxotsttsnt
1036 267 1099 323 utu.
1119 269 1308 330 SECUNDUS.

964 389 987 443 Α
1001 383 1084 440 Neruo
1097 388 1176 444 codct
1187 400 1206 427 ω
1217 392 1250 445 dc
1261 392 1323 461 jure
1333 402 1380 449 tuo
1392 395 1442 449 soit
1456 406 1543 452 morte
1553 409 1677 467 cruenta,
1702 408 1706 415 '

1034 479 1091 535 Scit
1101 489 1115 518 ¹
1129 497 1159 537 se
1173 484 1303 539 uictorum
1317 486 1363 555 goi
1378 487 1451 542 nolet
1464 503 1525 544 esse
1537 499 1609 546 tuus.

1000 566 1044 623 Sic
1058 570 1100 625 icc
1115 573 1239 627 terribilis
1251 573 1340 630 iremit
1353 576 1478 634 horridus
1490 593 1537 634 ure
1551 590 1681 650 cruento,

1037 660 1173 729 Unguibus
1186 665 1319 729 excussis,
1334 665 1415 721 dente
1428 669 1550 724 minente
1565 683 1655 726 neces.

1000 752 1105 805 Acriter
1117 753 1233 807 ardescit
1246 756 1362 825 crispato
1377 756 1477 813 iumine
1493 758 1573 826 ierri,

1036 838 1069 891 Et
1083 842 1190 895 morosi
1202 841 1297 909 inerit,
1312 844 1400 900 scrius
1413 845 1475 901 iude
1489 846 1563 902 imit.

1001 924 1034 979 dt
1045 926 1066 980 si
1077 938 1188 983 reostur
1201 931 1338 1010 trepidans
1352 924 1482 989 renuiiuiu
1496 947 1598 1006 punct,

1035 1016 1155 1071 Territus
1168 1026 1196 1071 et
1204 1017 1308 1087 joceut,
1323 1036 1386 1075 mox
1397 1023 1466 1092 perit
1480 1024 1518 1078 irs
1529 1026 1636 1081 cadens.

1001 1103 1109 1159 Temnit
1120 1106 1209 1173 prodo
1221 1107 1309 1172 cibos,
1325 1121 1394 1177 piros
1409 1125 1462 1166 non
1477 1111 1609 1183 iucitipse
1625 1115 1748 1182 eudursr,

1036 1191 1075 1246 dc
1089 1193 1160 1248 ieros
1176 1194 1302 1263 ignoscit,
1314 1205 1327 1232 ⁰
1337 1198 1438 1254 cevatis
1453 1201 1576 1270 occipiat.

999 1274 1033 1336 Et
1047 1282 1093 1336 dot
1107 1292 1240 1352 prostratu
1254 1286 1358 1341 reniam
1369 1289 1427 1343 sine
1438 1289 1548 1346 ruinere
1558 1291 1660 1358 uictor,

1035 1369 1088 1425 Ore
1098 1373 1248 1428 uerecundo
1260 1373 1389 1443 dejiciens
1399 1377 1501 1434 ocutos.

999 1455 1044 1513 Sic
1062 1467 1121 1525 tuu,
1133 1468 1268 1528 regnatur,
1285 1477 1338 1517 non
1352 1463 1431 1534 impio
1447 1465 1578 1535 frangitur
1591 1467 1646 1534 ira,

1034 1549 1101 1604 Cum
1115 1552 1255 1607 confessus
1267 1554 1319 1608 erit
1338 1555 1448 1610 crimina
1463 1566 1538 1625 gestu
1553 1573 1626 1615 reus.

1000 1637 1166 1706 ignoscendo
1180 1641 1239 1710 pius
1251 1644 1329 1699 nobis
1339 1644 1444 1701 imitere
1457 1645 1626 1715 Tonantem,

966 1719 990 1778 tt
1040 1725 1088 1794 Qui
1102 1728 1222 1798 indulget
1234 1732 1334 1802 culpis,
1346 1742 1374 1789 et
1383 1736 1489 1790 reniam
1506 1739 1606 1793 tribuit.

1004 1818 1132 1888 Principis
1145 1819 1286 1889 imperium
1299 1823 1386 1878 simiis
1396 1834 1438 1880 est
1451 1825 1485 1879 ud
1496 1841 1578 1896 regno
1591 1845 1717 1900 superno,

1040 1907 1155 1963 Utcouit
1168 1908 1201 1962 ud
1216 1911 1329 1978 popuios
1339 1917 1433 1981 psgim
1445 1923 1536 1970 sancta
1552 1915 1609 1971 Dei.

1001 1992 1271 2065 Sacrilegisreierens
1283 2000 1403 2056 coelestia
1414 2001 1474 2069 jura
1489 2004 1618 2074 munis,

1039 2086 1148 2144 Vinctus
1156 2091 1324 2159 spostolicae
1335 2090 1518 2163 discipulaque
1530 2111 1621 2155 ntonu.

1001 2173 1095 2230 Nonne
1104 2175 1151 2230 liei
1165 2188 1297 2248 praecepts
1306 2179 1417 2250 jntem,
1431 2197 1466 2237 ue
1478 2183 1518 2238 sei
1528 2185 1608 2241 cudat
1620 2187 1737 2255 instrum,

1035 2263 1171 2321 irascente
1181 2267 1244 2334 aiio,
1253 2282 1287 2321 rue
1298 2269 1384 2323 rricius
1398 2280 1486 2325 exstet
1497 2276 1578 2328 tremo
1589 2274 1601 2326 i

976 2392 984 2400 =
1002 2353 1058 2409 Rex
1071 2355 1237 2411 inimicorum
1249 2359 1354 2428 popuiis
1367 2375 1497 2418 mucrone
1508 2364 1627 2434 pepercit

1036 2445 1133 2512 uouid,
1149 2455 1178 2502 et
1195 2448 1304 2504 socieris
1314 2460 1404 2507 certus
1414 2452 1519 2508 aduiter
1532 2463 1602 2509 erat.

1000 2538 1145 2593 Confessus
1158 2536 1262 2594 isciuus
1275 2540 1380 2594 reniam
1393 2554 1441 2608 pro
1453 2542 1529 2598 clude
1539 2553 1668 2607 meretur,

127 2622 240 2688 Qum
254 2629 364 2692 coeiunn
375 2629 448 2699 quud
462 2639 544 2696 terra,
560 2631 695 2702 bfretum,
711 2639 783 2707 quod
798 2641 890 2709 purior
904 2657 951 2697 ner
1035 2628 1136 2683 N⁰¹5¹¹⁸
1150 2630 1259 2697 ῙΙῙΙΡΙΙΜ
1272 2629 1315 2685 tei
1327 2630 1387 2685 ⁸¹⁰0
1400 2643 1487 2686 ¹¹¹⁰f¹0
1498 2647 1571 2688 ¹0⁸¹&

205 2713 255 2768 iiun
269 2719 480 2774 merueresimui
495 2761 503 2786 ‚
519 2723 570 2777 hoc
587 2726 594 2762 ¹
611 2727 691 2782 modo
705 2729 814 2797 quotide
829 2731 921 2787 hauet.

96 2799 246 2874 Culpa
257 2806 323 2861 milui
334 2806 422 2862 tuerat
434 2807 559 2867 dominos
572 2814 685 2871 reticere
700 2827 707 2866 t
732 2818 879 2884 modestos,
909 2869 915 2883 ,

204 2892 374 2968 ignotumque
388 2900 452 2955 mihi
466 2903 587 2960 scribere
601 2920 650 2960 nec
662 2907 811 2965 dominum.

69 2981 252 3051 Quos
263 2998 292 3044 et
301 2990 421 3059 ingratos
430 2994 559 3061 sequitur,
571 2997 616 3065 qui
631 3007 721 3054 mente
736 3000 858 3070 profanu,

204 3077 262 3133 Corn
271 3079 411 3135 dominum
428 3083 527 3150 norint,
539 3085 608 3140 idcio
622 3102 689 3143 runs
705 3091 807 3147 coium.

65 3154 114 3205 Ι
132 3169 340 3224 sopitorum
355 3171 483 3240 popoiout
496 3173 535 3229 sic
548 3176 626 3246 cuips
643 3180 766 3244 tenenat,

205 3258 309 3324 Qusodo
321 3261 405 3316 oblitu
419 3261 503 3318 Deum
516 3264 591 3334 piebs
609 3268 719 3324 vituium
732 3271 824 3327 coinit.

63 3325 168 3389 ,ΞΣ
182 3355 294 3402 numen
304 3347 445 3418 indulgens
455 3354 560 3407 reuiom
575 3357 749 3424 poscentibus
763 3368 855 3415 auctor

203 3435 325 3504 Contulit,
337 3449 366 3494 et
379 3440 464 3509 legem
480 3451 543 3510 post
556 3445 625 3499 ortuis
641 3445 710 3502 sueta
725 3449 807 3504 dedit.

1000 2717 1110 2788 iusuper
1123 2725 1151 2772 et
1162 2717 1291 2773 Suirnuun
1305 2721 1399 2774 eadem
1413 2721 1525 2777 muiiere
1536 2731 1661 2786 creatus,

1036 2806 1099 2872 Qum
1108 2807 1194 2861 scetus
1206 2807 1328 2870 admisit,
1344 2822 1441 2863 munus
1450 2808 1660 2865 lionorishaitet.

999 2896 1057 2951 Non
1072 2896 1122 2950 tuit
1135 2897 1178 2952 bic
1187 2895 1312 2951 Suturoon
1326 2905 1398 2951 custo
1409 2896 1444 2952 de
1457 2897 1571 2966 coniuge
1581 2908 1678 2965 natos,

1034 2985 1086 3040 Sed
1101 2987 1211 3042 sceleris
1223 2985 1324 3041 fructus
1336 2994 1443 3054 sceptra
1458 2993 1568 3055 paterna
1583 2994 1666 3042 tenet.

960 3050 983 3113 C
1000 3081 1068 3136 Ecce
1080 3081 1144 3150 quid
1158 3080 1287 3150 impendit
1298 3080 1382 3150 patris
1392 3079 1535 3135 ciememis
1549 3095 1663 3152 parcens

1037 3173 1070 3227 tit
1080 3173 1152 3227 simo
1164 3185 1244 3240 regua
1258 3171 1350 3237 duret,
1367 3179 1397 3224 ut
1406 3172 1483 3227 dores
1496 3179 1524 3228 et
1536 3172 1634 3228 soboli.

999 3262 1057 3333 ipse
1070 3262 1237 3317 inimicorum
1252 3260 1378 3316 Salomon
1388 3276 1442 3317 oon
1456 3262 1525 3319 coiis
1538 3263 1674 3332 poposcit,

1033 3353 1101 3407 Cum
1112 3360 1216 3423 peteret
1231 3352 1387 3417 Dominum,
1403 3351 1451 3408 ssd
1465 3351 1596 3422 sapientis
1608 3367 1698 3422 opem.

998 3442 1108 3498 Eustitit
1121 3443 1164 3497 hie
1175 3440 1302 3511 prudens,
1314 3442 1376 3512 quis
1391 3441 1478 3497 noiuit
1491 3457 1550 3498 esse
1563 3452 1702 3508 cruentus,

61 3501 948 3610 ropmeormmniputensmuemsutdecetesseiuunigoum,
1034 3532 1462 3603 Puciiicusqueiuit,cousiiiique
1477 3542 1567 3589 teum.

203 3614 321 3686 Ecquem
336 3618 408 3674 nuilu
417 3618 493 3688 jurat
503 3621 580 3689 uitio,
590 3624 636 3678 sed
650 3627 739 3692 verrio,

59 3685 129 3742 (2
146 3703 242 3773 ujus
251 3703 345 3763 educte
359 3723 457 3765 romnus
468 3719 601 3767 sustentat
611 3713 691 3768 corda
705 3726 856 3783 regentum,

202 3792 230 3849 Et
239 3797 297 3866 pios
307 3798 421 3853 medum
434 3815 498 3857 mox
510 3802 662 3872 numenque
672 3803 763 3872 jubes.

59 3863 255 3941 Curam
267 3896 294 3943 te
305 3886 422 3958 primum
437 3905 491 3957 me,
503 3893 631 3951 esrmiois
644 3894 715 3950 iilius
731 3909 793 3952 orsu

186 3975 270 4042 Quod
284 3979 355 4035 mate
368 3980 617 4052 dis;.0sui,pmuicst
628 4000 662 4040 en
678 3986 777 4043 fateor.

60 4048 225 4121 ⁵‘thst
237 4078 271 4133 te,
283 4085 387 4125 smome
402 4071 481 4137 dem,
503 4075 557 4141 regi
571 4075 733 4147 dominoque
744 4093 805 4136 reus
819 4083 890 4149 sonu,

171 4154 275 4224 {iujos
287 4160 323 4214 siu
336 4162 451 4227 imperio
466 4177 549 4230 posco
564 4177 674 4230 geuueus
687 4169 804 4223 reniam.

64 4228 127 4284 ΙΙ·
143 4254 172 4289 ⁸
191 4260 273 4313 flteret
288 4248 300 4286 Β
316 4258 421 4304 urmutu
431 4253 518 4320 pietus
528 4261 582 4318 tus,
598 4270 725 4325 prospera
740 4258 858 4323 mundet,

180 4334 212 4368 ¹
226 4335 275 4392 ider
289 4337 472 4408 iiuroiousqoe
482 4356 557 4397 oueus
570 4358 676 4413 semper
689 4346 787 4415 uirique
800 4350 871 4418 plus.

946 3648 955 3659 -
999 3625 1150 3694 Stephanus
1166 3622 1310 3681 outesiios
1324 3622 1443 3693 lapidum
1465 3625 1515 3678 sub
1531 3625 1659 3693 grandine
1679 3634 1779 3696 martyr
1870 3701 1872 3704 y

1035 3723 1046 3752 ¹
1062 3712 1296 3772 iiostibusuruiuut
1308 3721 1405 3781 sponte
1417 3712 1473 3767 suis
1487 3727 1602 3768 reorum.

998 3802 1061 3857 Huc
1072 3803 1140 3861 ium
1154 3799 1308 3868 simplicitas
1319 3807 1426 3869 proestst
1439 3798 1528 3867 jejuno
1543 3800 1657 3862 cruoris,

1035 3891 1081 3946 Vir
1091 3892 1150 3947 siue
1163 3887 1350 3944 murteiurens
1363 3885 1400 3941 nii
1414 3887 1657 3956 itsuetipsenecis.

998 3983 1088 4038 Cesar
1101 3982 1199 4050 uirique
1209 3986 1304 4049 potens
1319 3977 1389 4032 nosti
1404 3983 1464 4045 post
1474 3976 1542 4030 usito
1557 3977 1694 4045 pepercit,

1033 4075 1066 4129 Et
1079 4075 1218 4145 quoderat
1230 4071 1320 4140 pejus,
1333 4069 1400 4124 ciris
1411 4076 1438 4121 et
1449 4067 1534 4122 hostis
1544 4076 1611 4122 erm.

998 4165 1098 4236 Sponte
1111 4161 1265 4215 [nouitatem
1279 4158 1398 4212 retituens
1409 4156 1543 4224 repararit
1555 4156 1686 4220 honores,

1031 4253 1096 4310 lnde
1109 4258 1219 4308 rocetos
1233 4248 1289 4303 abit
1298 4245 1394 4314 diguus
1404 4245 1507 4302 uenere
1516 4254 1528 4284 ·
1536 4255 1621 4316 poter.

996 4345 1077 4414 Cujus
1089 4343 1122 4397 ob
1132 4339 1245 4411 irnperio
1257 4351 1369 4406 surgens
1382 4343 1410 4390 et
1420 4335 1523 4403 origiue
1537 4335 1626 4391 emor

66 4409 169 4469 ΝΩ
179 4441 220 4478 t·
232 4430 290 4484 milui
311 4431 459 4497 dissimilis,
471 4448 550 4502 puram
564 4437 634 4504 rguod
648 4436 717 4492 solet
729 4441 852 4496 omnibus
864 4455 938 4508 csse,
1034 4440 1168 4502 Augustus
1180 4430 1277 4484 meruit
1294 4438 1402 4495 tempus
1410 4424 1509 4483 habere
1518 4427 1602 4496 pium.
1622 4445 1631 4462 ·

147 4512 239 4571 Sit
248 4522 347 4588 pietate
355 4537 416 4589 sus,
428 4524 463 4578 sit
475 4525 562 4580 honus
572 4536 600 4581 et
611 4528 740 4596 placidus.

998 4523 1130 4592 Tempore
1146 4530 1261 4585 natuque
1278 4518 1467 4572 cuderuuatus
1479 4515 1514 4571 de
1526 4516 1628 4587 uirgine
1643 4493 1777 4589 Cluiutss,

70 4594 158 4648 Te
214 4603 395 4668 ntodsourme
411 4629 515 4683 precor,
530 4630 686 4685 magnorum
698 4621 814 4677 maxime
833 4638 940 4696 regum,
1031 4615 1114 4684 Cujus
1125 4619 1153 4669 et
1164 4610 1274 4667 emicuit
1285 4608 1363 4664 steiie
1375 4623 1424 4677 per
1434 4620 1506 4663 astra
1516 4608 1581 4678 poti.

141 4686 313 4767 pectore,
326 4713 419 4759 ments
434 4718 540 4773 rogum,
555 4722 621 4763 socc
634 4723 768 4779 manuque
777 4720 872 4782 petens

75 4776 138 4832 0³¹
201 4786 328 4846 ‹lextram
343 4793 459 4858 numero,
470 4796 576 4851 renium
589 4800 711 4856 cencede
725 4800 817 4857 fatenti
831 4844 840 4871 ,

134 4865 325 4952 Tempore
341 4891 394 4938 mnu
410 4884 491 4955 longo
504 4902 557 4942 troo
571 4886 647 4946 decet
660 4891 699 4946 iro
713 4891 800 4963 pium.

141 5004 188 5099 ζ
230 5008 436 5086 di.‚pciitttttqtte

224 5077 252 5132 tt
264 5125 272 5151 ,
286 5087 374 5150 eripit,
386 5097 461 5155 utque
475 5089 584 5142 otricum.

151 5144 184 5173 Q
226 5147 272 5219 tt,
286 5155 397 5221 pruine.

154 5200 193 5239 ‘¹
227 5215 388 5286 Ai.,Suitot.

167 5280 196 5306 ‘
227 5285 393 5357 diffluum.

176 5337 193 5375 ¹
229 5353 272 5420 di,
290 5362 388 5428 [erens.

183 5415 210 5454 Β
228 5420 272 5490 tt,
290 5428 376 5482 Sirt'ttt
390 5429 541 5484 decdoroit.

194 5475 368 5560 *distreus

201 5556 281 5627 Uti..
295 5567 381 5621 honio.

210 5630 219 5668 t
234 5628 276 5700 tt,
290 5638 417 5691 rriuiertor.

997 4705 1053 4760 lior
1064 4705 1189 4775 princeps
1203 4703 1338 4756 itumauus
1351 4707 1411 4754 erat
1423 4698 1457 4755 de
1468 4700 1588 4770 principe
1597 4700 1689 4766 Titus,

1031 4797 1059 4853 Si
1073 4812 1126 4852 oon
1140 4800 1294 4868 praestaret,
1309 4792 1400 4846 dicere
1409 4806 1480 4863 stupe
1488 4792 1580 4848 solens
1594 4808 1602 4846 :

997 4888 1163 4944 Perdidimus
1175 4883 1296 4940 mutum
1311 4881 1395 4950 diem,
1408 4883 1432 4938 si
1446 4883 1518 4937 uuiis
1531 4883 1649 4939 dedisset

1030 5020 1043 5058 ¹
1060 5021 1115 5085 nt,
1128 5026 1239 5074 armato.
1428 5084 1430 5089 y

1032 5091 1041 5129 ἒ
1057 5092 1112 5152 At..
1126 5082 1183 5142 ituci
1192 5087 1261 5142 Deus
1276 5083 1442 5156 Omnipotens
1450 5099 1558 5152 occuper,
1572 5095 1626 5139 etc.

1030 5170 1049 5198 Ψ·
1060 5162 1114 5225 tt..
1124 5158 1181 5212 sub.

1028 5240 1041 5267 ¹¹
1053 5232 1106 5294 ut,
1121 5244 1184 5281 estc.

1031 5301 1104 5362 mtt,
1120 5313 1165 5350 ceu
1180 5297 1252 5349 rotis.

1029 5369 1084 5421 ΡΑΙ
1099 5407 1107 5430 ,
1121 5366 1297 5434 discipttioute.
1534 5432 1539 5442 Ι

1029 5446 1042 5486 n
1062 5436 1116 5499 nt,
1132 5444 1258 5504 reprimet,
1272 5436 1325 5487 icoc
1336 5433 1408 5485 duret
1418 5441 1442 5481 et
1455 5431 1550 5485 soboiu.

1001 5501 1003 5503 ’
1030 5508 1111 5568 idi,
1124 5503 1177 5557 i'ro
1190 5503 1312 5556 inertibus.

1029 5588 1041 5616 ⁸
1054 5575 1106 5641 AL,
1118 5590 1190 5642 puer.
