3788 6126
124 392 178 450 aba

124 508 189 566 uec
198 512 261 562 sunt
275 509 288 537 ⁴²
302 516 379 558 sacra
395 500 441 555 Dei
453 499 602 571 inrisisse
617 494 752 570 mysticall
769 495 816 551 Dei
826 494 899 560 uivi3

162 595 225 652 lime
234 608 344 651 serrare
353 592 442 658 decet,
456 592 513 647 bace
528 598 661 647 temerare
674 596 763 644 nocco

128 689 175 744 llis
188 686 263 743 leolis
276 684 382 740 artimus
395 683 486 738 divino
499 697 610 738 munere
623 680 737 747 crescit,

161 776 301 833 illecebras
309 772 398 829 mundi
410 773 493 828 vincit
504 786 597 829 amore
613 770 669 826 Dei.

126 867 195 922 ilinc
210 878 322 935 pravom
336 869 494 932 rectumque
505 868 583 931 perat
592 860 748 915 discerncre
757 855 863 922 doctiss,

160 955 266 1026 Optima
281 953 425 1026 perdolens
440 963 451 992 ⁸
466 960 496 1007 et
507 952 579 1007 mala
593 962 671 1006 suase
684 950 792 1006 cadens.

125 1047 192 1102 ilinc
207 1053 316 1113 turgens
329 1043 404 1114 ponit
416 1042 538 1113 perclusa
548 1039 673 1112 superbia
688 1037 783 1104 iaetus,

162 1136 294 1191 Frenatur
308 1135 398 1200 luxus,
408 1133 649 1203 comprimiturque
662 1129 751 1194 dolus,

124 1223 241 1279 Turbida
255 1224 389 1279 clamosos
403 1221 503 1278 amittit
516 1221 574 1278 risa
587 1219 729 1283 tuntnltus,

161 1308 373 1388 necutrumque
386 1316 481 1373 lorcns
490 1314 565 1389 pacis
577 1329 669 1370 amore
682 1312 774 1382 quies.

128 1409 197 1476 Quid
207 1408 262 1478 jam
277 1408 359 1463 mulla
374 1406 487 1476 loqoarl
504 1406 590 1462 uirtus
606 1404 650 1460 bic
664 1402 772 1477 proicit
786 1398 883 1466 omnis,

162 1498 224 1553 llaec
237 1498 344 1569 perimit
357 1504 443 1552 toturn
458 1496 537 1551 lectio
552 1505 643 1550 sancta
658 1494 769 1548 malrnn.

126 1589 140 1629 ‘¹
155 1590 223 1645 licre
237 1589 300 1659 quid
316 1587 434 1643 omniurn
454 1602 502 1659 per
517 1602 614 1642 nomen
629 1586 669 1640 tis
682 1595 794 1640 cernere
817 1581 918 1649 corde,

160 1680 224 1736 liaeo
239 1680 370 1736 meditare
384 1679 507 1749 loquens,
522 1676 581 1734 bac
594 1691 745 1733 memorare
762 1682 865 1728 tacens.

125 1772 201 1828 Nurac
215 1781 337 1841 superest
353 1771 413 1834 lari,
427 1786 482 1839 qtro
496 1770 551 1825 sint
565 1768 718 1839 praescripta
730 1765 853 1833 iubente,

161 1861 207 1917 Vel
228 1860 304 1930 cuijus
318 1860 407 1914 studio
418 1861 443 1914 in
458 1858 557 1914 Codice
570 1858 650 1913 misso
665 1856 755 1913 sitnnl.

126 1950 254 2005 Snrnruus
266 1956 294 2004 et
308 1948 432 2017 egregius
445 1947 579 2018 congessit
592 1955 690 2002 cuncta
704 1945 832 2012 ioannes,

161 2040 222 2096 llite
235 2039 413 2095 ministerium
430 2036 585 2109 pontificale
597 2050 704 2107 gereris.

127 2142 139 2170 ·
155 2130 283 2185 linearem
296 2141 377 2184 rassae
392 2128 456 2185 dum
471 2135 564 2199 pastor
576 2126 782 2198 presidemus,

159 2220 221 2275 lia-c
235 2219 387 2275 veneranda
399 2233 451 2275 suo
461 2219 570 2274 nominc
580 2218 652 2273 dona
662 2217 749 2273 dedit.

123 2311 231 2367 Credite
241 2311 296 2381 jam
306 2312 406 2378 cuncti,
419 2318 609 2382 postmortem
628 2309 720 2365 virere
733 2307 864 2376 inactum,

161 2402 244 2471 Cujus
258 2409 320 2472 post
331 2401 433 2457 obitum
448 2398 634 2471 magnificatur
646 2414 725 2470 opus.

393 2490 449 2547 bx.
464 2489 506 2544 Dc
520 2489 665 2546 dilectione.

125 2579 240 2649 Impleat
252 2583 283 2637 ist
294 2586 413 2636 restrum
431 2579 536 2636 Domini
546 2579 657 2634 dileetio
670 2586 774 2649 poclm,

125 2672 180 2729 iles
196 2675 284 2744 ipsum
299 2670 441 2727 Dominum
455 2669 555 2740 jugiter
568 2671 687 2740 rog'tare
698 2678 842 2727 memento.

125 2760 218 2830 Diligit
232 2760 277 2816 ille
289 2760 364 2831 prlor
379 2758 499 2816 tribuens
512 2766 646 2830 praecepta
660 2774 771 2816 suorum

124 2851 241 2927 llanimc
253 2859 389 2917 natorum,
399 2850 512 2922 cupiunt
523 2849 570 2921 qrri
583 2864 694 2907 currere
703 2851 811 2917 callem,

125 2940 211 3007 Quem
227 2941 289 2997 coeli
303 2949 405 2997 rectam
418 2948 585 3009 mensuret
599 2940 658 3011 ipse
671 2940 799 3002 cucurrit,

125 3031 237 3105 Scnrper
250 3046 344 3089 astans
358 3040 447 3098 natos,
458 3039 487 3088 ut
501 3046 609 3103 semper
619 3040 723 3088 sntetm
736 3034 771 3088 ab
788 3033 864 3103 isis.

405 3119 472 3175 laxi.
489 3119 528 3175 Dc
541 3121 644 3179 timore.

128 3210 162 3269 tlt
177 3213 272 3268 timeas
284 3208 427 3266 Dominum
442 3209 508 3279 lepis
528 3218 664 3280 praecepta
676 3220 799 3277 secutus,

126 3304 242 3359 dissime
257 3301 267 3368 i
281 3302 416 3359 bullicus
426 3301 507 3358 debes
520 3317 677 3372 percurrere
687 3318 807 3374 campos,

126 3388 155 3444 in
168 3390 266 3461 ortibus
279 3396 381 3444 aeterno
395 3388 488 3444 latices
497 3388 531 3444 de
549 3390 625 3445 lortie
639 3402 779 3448 mactantes

126 3479 249 3535 invenies
264 3478 367 3534 sibimet
380 3478 470 3533 vitalia
484 3478 578 3550 pocula
594 3479 701 3537 dentes.

125 3570 192 3635 unc
203 3579 322 3638 segetem
337 3583 432 3638 magna
450 3566 559 3624 lorcam
572 3568 714 3626 dulcedine
725 3571 828 3635 cordis,

127 3659 216 3716 ilicet
231 3659 256 3714 in
266 3670 396 3715 eroerutnn
412 3658 537 3715 llnrentla
551 3673 632 3729 regna
648 3661 809 3717 ministrent.

230 3748 306 3804 biit.
320 3746 360 3804 De
372 3747 537 3804 observandis
552 3749 682 3805 mendatis
699 3749 814 3806 Domini.

128 3842 253 3913 (irrisoriis
272 3848 345 3898 emat
359 3839 513 3905 Dominum,
523 3841 605 3896 debet
617 3842 787 3897 sermonibus
799 3841 859 3911 cius

127 3940 250 3991 tierrrnus
264 3931 290 3986 in
303 3931 408 3987 conctis
416 3929 518 4001 jurgber
531 3944 626 3999 perere
639 3929 764 3987 libenter.

132 4021 217 4079 l'erba
229 4029 328 4079 sonant
340 4020 446 4079 Douriui
460 4037 468 4075 r
483 4019 511 4076 st
521 4020 582 4090 ouis
596 4035 640 4076 rue
653 4021 750 4091 diligit,
766 4022 862 4094 iocprrit,

130 4109 222 4172 liusena
236 4112 293 4169 suis
306 4116 381 4168 cure
391 4110 538 4169 discribere
552 4112 642 4167 munia
656 4110 739 4168 libris.

130 4206 310 4263 serruscnim
318 4203 395 4261 lactis
404 4203 534 4260 utillimus
546 4217 607 4261 esse
618 4203 759 4273 probator,

129 4296 157 4353 lii
170 4296 244 4367 cupit
257 4293 400 4365 exsequier
415 4293 505 4362 iactis,
520 4293 591 4364 qood
608 4295 717 4352 auribus
730 4294 835 4350 bausit.

372 4381 462 4441 lxtlt.
480 4384 519 4440 Dc
536 4386 674 4454 copientis.
760 4416 763 4421 ·

131 4476 165 4532 tit
178 4478 268 4533 valeas
281 4490 346 4531 sero
359 4475 417 4545 regi
431 4474 568 4544 coniugier
582 4491 646 4543 nno,

130 4567 215 4637 Regia
227 4567 262 4620 sit
275 4578 383 4634 semper
399 4578 513 4633 regnans
525 4565 658 4634 sapienda
673 4575 774 4632 tecum,

131 4660 196 4725 erar
209 4655 256 4710 tibi
268 4655 409 4712 consilinm
423 4655 511 4711 ualeat
524 4656 648 4713 conlerre
658 4657 776 4723 beatum,

132 4745 286 4818 Arnpiillcet
297 4758 423 4814 reguum,
440 4744 540 4801 tribuat
550 4743 609 4802 sine
623 4745 676 4801 line
686 4760 823 4803 coronam.

131 4837 263 4908 Tegmine
276 4849 412 4907 purpureo
426 4835 676 4900 temescircnmdet,
692 4847 721 4893 et
731 4846 823 4909 ornet,

133 4929 223 4985 ilicet
237 4926 264 4985 in
276 4934 407 4983 smmum
416 4923 503 4983 lelicia
516 4925 612 4996 stuba
627 4934 747 4997 prestet.

168 5079 245 5137 'Vel
258 5078 380 5136 recondi
388 5077 477 5148 juris:
492 5084 635 5149 utramque
648 5076 793 5135 lectionem
809 5077 922 5151 suscipit

132 5151 284 5277 cogeDibio
297 5218 373 5275 locus
386 5223 530 5287 corruptos
540 5225 599 5285 est,
619 5230 703 5286 aquo
713 5223 804 5273 tamen
826 5230 921 5272 emen-

132 5292 221 5347 dando
231 5289 367 5345 alutinere
378 5286 530 5342 maluimus.

170 5360 248 5416 eiios
262 5360 375 5414 libenter
400 5356 567 5426 legeremus:
582 5364 607 5411 et
628 5355 695 5411 inme
715 5370 794 5410 mese
817 5372 920 5426 coccus,

134 5429 205 5502 qarod
217 5445 269 5484 non
284 5427 471 5496 improbabunt
482 5425 566 5480 docti.

645 385 764 443 SANCTl
786 382 924 440 ubeuuu
944 380 1049 439 DDiSC.
1069 372 1241 435 robertus

933 503 958 562 Λ
1210 504 1299 561 silv.
1312 500 1511 574 Deprudcrrlic,

968 606 1112 675 Temperet
1126 602 1229 658 interea
1243 598 1327 655 rirtns
1341 593 1482 667 prudentia
1503 602 1595 659 regern

969 698 1078 753 Actibus
1093 693 1243 761 inconcus,
1259 697 1287 746 el
1299 689 1399 747 sanctie
1414 684 1533 740 moribus
1546 686 1627 737 ornet
1696 710 1700 717 ·

967 788 1117 856 conoponat
1129 797 1229 845 rnores,
1239 794 1379 838 sennones
1392 776 1500 833 ordinet
1512 786 1619 836 omnes,

968 878 1119 945 Conponat
1130 873 1258 941 lingnam,
1272 880 1421 936 senonisque
1434 863 1570 920 ministres
1582 874 1708 917 acumen.

968 966 1087 1022 Exornet
1100 963 1231 1027 habitum,
1245 972 1367 1031 gressum
1380 963 1526 1026 componet
1536 955 1689 1015 honesturn,

968 1058 1027 1129 ipsa
1046 1055 1093 1111 Dei
1106 1056 1189 1109 virtus
1204 1050 1308 1107 tibimet
1320 1047 1454 1105 concedet
1467 1053 1620 1113 utrumque.

1200 1140 1279 1200 bxv.
1295 1140 1335 1195 Dc
1350 1139 1526 1208 simplicitate.

969 1241 1137 1310 Sirnplicitas
1148 1234 1387 1294 animenirtusum
1410 1229 1512 1287 semina
1526 1225 1622 1292 nutrit,

968 1332 1132 1403 Simplicitas
1145 1341 1240 1398 regum
1255 1338 1345 1380 mores
1354 1318 1502 1390 componit,
1517 1324 1544 1372 et
1555 1322 1643 1371 orrrat.

969 1424 1113 1479 Semnones
1125 1418 1224 1473 nitidos
1238 1430 1305 1485 poro
1319 1412 1353 1468 de
1363 1410 1447 1467 corde
1458 1409 1603 1471 ministrer,

969 1515 1035 1570 Odia
1048 1528 1101 1568 non
1116 1510 1224 1576 retinet,
1239 1506 1332 1562 laudes
1347 1519 1397 1559 nec
1411 1509 1502 1574 captat
1518 1501 1620 1561 inanes,

969 1605 1024 1660 Nec
1038 1602 1113 1673 cupit
1126 1600 1268 1656 absentum
1283 1594 1395 1650 iratrum
1410 1589 1542 1647 derodere
1555 1589 1657 1651 vilaro,

969 1694 1103 1749 Auferret
1116 1689 1223 1747 illuvies
1234 1685 1353 1742 bominis
1364 1683 1399 1738 dc
1412 1689 1524 1752 pectore
1537 1687 1617 1734 totas.

1212 1775 1302 1834 ixit.
1319 1775 1358 1829 Dc
1372 1774 1507 1845 perieulis.

931 1862 955 1925 Β
972 1878 987 1926 l'
993 1877 1015 1932 ir
1027 1876 1132 1949 patiens
1143 1871 1259 1944 patriam
1274 1867 1374 1940 poterit
1384 1861 1566 1923 conscendere
1579 1859 1693 1919 celenna,

967 1964 996 2021 Si
1010 1966 1054 2020 bie
1068 1963 1177 2018 nitidam
1193 1959 1308 2032 primurn
1323 1961 1414 2011 teneat
1424 1952 1483 2009 sine
1493 1950 1607 2007 crimine
1620 1948 1723 2013 ιίιοιιις

969 2058 1120 2128 Τοιοοιοοι
1133 2052 1239 2125 patiens
1250 2050 1330 2105 debet
1341 2046 1447 2103 calcare
1459 2055 1604 2112 nugacem,

968 2149 1007 2205 Ne
1017 2155 1110 2219 pereas
1124 2144 1224 2211 lardus,
1236 2156 1270 2199 ne
1283 2155 1338 2211 quo
1351 2141 1403 2195 sub
1413 2137 1532 2209 pondere
1545 2147 1675 2204 pressos.

968 2239 1105 2311 ingenium
1120 2236 1200 2293 debet
1212 2231 1345 2304 serpentis
1358 2229 1461 2292 bebere
1472 2226 1614 2288 columba,

968 2331 1089 2390 Callidus
1101 2338 1129 2387 et
1148 2325 1267 2400 prudens
1280 2321 1361 2381 debet
1375 2321 1508 2376 nitescere
1520 2330 1645 2388 serpens.

1216 2436 1319 2496 exult.
1337 2434 1376 2491 Dc
1386 2433 1499 2506 jndicio.

968 2536 1054 2606 Dilige
1065 2531 1204 2605 judicium,
1218 2529 1242 2587 si
1255 2528 1295 2583 ris
1304 2522 1485 2582 conscendere
1499 2519 1608 2583 ooelum,

968 2628 1069 2683 Taliter
1077 2632 1105 2679 et
1117 2619 1214 2678 vestris
1223 2614 1382 2675 censoribus
1397 2613 1455 2683 ipse
1469 2616 1603 2665 mitratur:

968 2720 1076 2783 Discite,
1091 2715 1113 2771 si
1127 2711 1224 2785 cupilis
1238 2718 1359 2766 nostrum
1372 2703 1532 2774 conquirere
1545 2712 1644 2753 muniis

967 2809 1064 2868 ludicii
1078 2806 1173 2864 callem
1183 2811 1259 2859 recto
1272 2810 1430 2870 percurrere
1446 2807 1549 2863 pressu.

968 2901 978 2954 i
998 2910 1028 2953 sc
1040 2906 1128 2952 mmen
1138 2907 1229 2949 sacras
1238 2890 1320 2945 debes
1331 2883 1487 2956 perq'urrere
1497 2882 1581 2952 loges,

969 2990 1007 3047 its
1019 2986 1113 3056 quibus
1123 2984 1251 3041 auxilium
1265 2980 1354 3036 valeas
1369 2981 1493 3034 conlcrre
1505 2982 1638 3031 subactus.

1220 3090 1335 3148 builli.
1354 3087 1394 3144 De
1409 3088 1523 3160 justitio.

931 3210 956 3273 ρ
971 3193 1075 3248 insutis
1091 3199 1177 3246 totum
1191 3203 1256 3244 cura
1270 3187 1415 3256 disponere
1428 3196 1551 3251 regnum,

969 3283 1045 3347 osted
1060 3279 1107 3335 tibi
1119 3278 1176 3334 ilex
1189 3289 1281 3345 regum
1293 3271 1426 3329 commisit
1436 3270 1498 3347 jue
1510 3271 1669 3337 regendus.

968 3371 1105 3427 iudicibus
1117 3369 1191 3440 iuste
1205 3364 1300 3422 manda
1315 3364 1460 3434 disponere
1472 3360 1581 3417 edincta.

968 3464 1068 3518 Vivere
1081 3460 1274 3528 cunctipotens
1286 3458 1377 3511 sanxit
1390 3452 1512 3522 legaliter
1526 3463 1633 3516 omues,

969 3555 1035 3610 Nam
1050 3553 1149 3621 digitus
1162 3549 1269 3605 Domini
1281 3548 1369 3615 legum
1383 3560 1497 3603 censura
1509 3544 1601 3615 lapillo

968 3645 1092 3717 Scripsit,
1108 3651 1136 3700 et
1149 3642 1174 3698 in
1187 3640 1288 3699 chartis
1299 3638 1379 3710 jussit
1390 3638 1537 3693 discribere
1547 3635 1657 3692 testi-is.

1193 3755 1286 3811 brix.
1300 3754 1339 3809 Dc
1349 3752 1537 3809 misericordis.

969 3850 1063 3907 Omnia
1075 3846 1221 3918 praevideat
1233 3844 1318 3900 solers
1330 3843 1459 3899 industria
1472 3842 1553 3911 repis,

970 3943 1064 4009 blegne
1075 3940 1145 3993 ierat
1158 3936 1272 4003 magnis,
1293 3942 1320 3989 et
1335 3941 1443 4004 praestet
1457 3947 1539 4001 parra
1555 3933 1680 4001 ptrsilus:

970 4030 1029 4084 Nun
1041 4040 1130 4084 cesses
1145 4025 1259 4079 miseros
1274 4038 1290 4077 a
1304 4022 1382 4077 lamis
1396 4022 1474 4077 clade
1486 4021 1588 4090 levare,

969 4120 997 4173 Si
1012 4117 1088 4188 cupis
1102 4116 1129 4171 in
1143 4113 1213 4170 coelo
1229 4112 1344 4167 lrnctum
1357 4112 1489 4168 mercedis
1500 4112 1612 4167 babere.

970 4208 1016 4264 ille
1030 4207 1084 4278 poli
1100 4204 1199 4275 poterit
1213 4218 1323 4267 regnum
1338 4202 1518 4257 currerendere
1530 4202 1644 4265 eclanum

969 4297 1079 4354 Noverit
1089 4296 1133 4352 bio
1146 4293 1251 4349 miserie
1263 4293 1308 4362 ani
1320 4293 1425 4363 plenam
1441 4290 1546 4345 tradere
1557 4291 1695 4349 dextram.

1174 4384 1255 4440 biti.
1271 4383 1311 4438 De
1328 4384 1435 4437 decimis
1448 4381 1553 4437 dandis.

971 4480 1007 4535 Da
1021 4479 1141 4535 decimas
1154 4477 1278 4541 Domino,
1295 4476 1400 4529 tibimet
1415 4475 1459 4542 qul
1475 4475 1551 4545 plora
1565 4474 1673 4543 subegit

899 4541 904 4549 ι
932 4555 957 4615 D
974 4572 1076 4639 begua,
1091 4567 1139 4622 tibi
1155 4565 1269 4638 populos
1280 4563 1360 4633 jussit
1379 4562 1482 4619 servire
1496 4570 1631 4630 potentes.

971 4665 1059 4716 Aurea
1074 4673 1148 4726 rasa,
1165 4666 1222 4712 sut
1233 4657 1301 4728 petit
1314 4655 1418 4710 diversa
1438 4653 1544 4709 metalla
1558 4655 1676 4723 pararit,

971 4752 1100 4823 imposuit
1114 4749 1227 4819 gemmis
1236 4755 1359 4804 errrorem
1369 4747 1471 4801 vertice
1484 4746 1601 4809 mitram,
1635 4804 1641 4813 ,

971 4844 1067 4899 Siricio
1079 4843 1170 4898 lembo
1181 4854 1262 4896 roseo
1271 4838 1404 4895 conclusit
1418 4845 1446 4893 cl
1457 4845 1542 4905 ostro,

971 4933 1080 4989 Ornavit
1090 4930 1212 4986 habitum
1224 4928 1323 4999 regalis
1334 4942 1453 4999 purpura
1467 4935 1564 4983 totum.

971 5083 1023 5137 lius
1045 5079 1243 5150 appellation⁰;
1272 5091 1323 5133 nos
1347 5076 1508 5132 enimaliam
1530 5073 1681 5130 cesaream
1706 5088 1768 5142 ομιτ

970 5161 1043 5207 costo
1055 5151 1126 5204 dicta
1138 5150 1174 5203 sit
1192 5162 1245 5202 non
1266 5147 1428 5215 reperimus.
1453 5146 1549 5213 itaque
1573 5158 1627 5197 non
1652 5143 1767 5210 loupea

970 5236 1036 5276 nero
1050 5218 1246 5278 alienabimus,
1259 5217 1283 5270 si
1307 5216 1455 5270 dixerimus
1469 5214 1550 5268 inisse
1565 5215 1648 5267 boses
1668 5226 1769 5266 versare

971 5294 1005 5346 ab
1020 5289 1139 5358 Eugenio
1153 5287 1316 5346 elaboratus,
1333 5287 1395 5339 dum
1408 5283 1618 5351 Caesaraugustae
1639 5282 1766 5350 priuatus

971 5366 1205 5418 conrrnoraretur;
1221 5355 1350 5424 illumque
1360 5354 1504 5417 loannem,
1517 5352 1594 5417 cujus
1604 5348 1767 5405 munificen-

972 5431 1036 5484 tiarn
1060 5443 1092 5483 ae
1118 5425 1305 5481 liberalitatem
1330 5422 1521 5478 commendare
1545 5420 1651 5484 rolant,
1680 5416 1768 5475 idue

168 5499 182 5538 ‘¹
195 5497 279 5556 Totos
292 5497 337 5579 bic
347 5512 441 5580 sersus
461 5495 563 5567 indiget
574 5494 755 5558 correctione,
766 5507 846 5562 quera
862 5491 920 5549 lru·
970 5500 1055 5555 salicti
1069 5495 1220 5552 braulionis
1234 5492 1357 5562 fratrem,
1371 5493 1416 5549 cui
1431 5490 1538 5547 llraulio
1548 5490 1576 5546 ln
1601 5493 1766 5563 episcopatu

132 5578 188 5625 sua
202 5567 326 5634 tentabit,
341 5581 387 5639 qm
400 5565 473 5623 aliud
486 5567 634 5640 exemplar,
647 5577 767 5639 quocum
780 5564 839 5621 baec
852 5578 920 5621 ron·
970 5568 1094 5625 &sareu
1114 5571 1210 5620 ostano
1229 5565 1369 5618 sanccessit.

120 5640 212 5705 ierat,
226 5653 281 5694 oon
291 5634 425 5693 babuerit.
661 5640 664 5645 '
695 5702 704 5717 .
1008 5636 1018 5676 ¹
1034 5636 1089 5692 iios
1111 5647 1251 5705 egeremus
1263 5632 1415 5697 dominicos,
1430 5629 1473 5686 rel
1494 5629 1557 5713 qnid
1572 5628 1674 5688 simile.

170 5706 255 5765 ·llon
267 5704 420 5787 dubitamus
433 5704 499 5789 omn
514 5702 659 5787 legendus
680 5709 716 5763 su
728 5709 845 5775 umere
869 5715 921 5785 pro
1006 5704 1071 5763 siit
1083 5706 1146 5777 petit
1156 5702 1221 5759 nibil
1231 5702 1433 5770 sonst,sednec
1446 5706 1603 5773 conpecmra
1613 5694 1766 5773 probabilis

133 5784 224 5843 emto,
239 5775 311 5843 qnod
322 5772 430 5831 librario
439 5773 619 5847 crudumque
630 5772 710 5833 lectio
719 5786 781 5830 cum
793 5786 921 5829 carminis
971 5777 1089 5839 sermm
1099 5771 1257 5847 exponenda

136 5858 261 5905 roeosura
273 5860 350 5927 nque
361 5852 503 5915 consonat,
516 5860 549 5905 ac
572 5860 635 5905 com
649 5842 784 5907 οοοιιιιιιοί
797 5842 871 5903 urbis
885 5843 919 5901 il·
