3788 6126
137 254 188 312 itti
664 259 699 316 iri
718 259 881 320 sanctuli
900 263 1083 326 hintlrttiii
1103 268 1218 329 Parth
1245 273 1255 329 ι
1712 285 1764 340 itis

136 391 181 431 set
197 374 254 449 [ii.
267 391 351 433 mens.
367 391 407 442 tu,
420 378 447 433 d.
460 375 541 449 rrr].¹
555 375 637 448 litrltts
649 379 816 447 temporibus
826 379 924 437 Patulus
938 391 960 448 Λ
977 381 1057 438 iidem
1086 397 1315 456 presumpserunt
1335 390 1480 450 innectere.
1510 392 1613 466 Quippe
1637 399 1765 468 guorriarn

136 467 438 540 Constantinopolitanae
450 470 524 525 urbis
542 472 694 540 episcopus,
709 472 816 527 iollatus
830 487 924 542 snper·
977 476 1061 544 ipsam
1072 479 1216 537 excindere
1231 495 1415 552 properantes.
1440 486 1628 559 hereticorum
1652 489 1765 560 dogma·

137 561 188 616 irie
205 563 299 630 spiritu
325 561 453 617 adversus
482 571 585 617 recturo
611 573 713 618 sanctur
733 563 925 621 lleiEoclesire
978 574 1033 620 tum
1057 577 1149 622 contra
1169 569 1329 626 catholicam
1355 572 1402 627 liei
1416 574 1563 630 Ecclesiam
1577 576 1765 636 confusionem

136 653 243 722 dogma,
253 654 380 708 audacter
395 656 577 726 presumpsit,
589 657 709 728 paternis
724 656 925 714 delinitionibus
977 657 1210 713 concinnaverunt
1225 658 1673 735 [contirruarerurrt],anathematis
1683 668 1765 724 ultio·

135 746 279 800 contraire.
297 747 305 778 ¹
322 746 433 816 insuper
452 747 554 803 studuit
579 748 612 802 ad
638 747 868 819 cooperimentum
880 749 925 824 [ad
977 762 1011 802 ne
1026 751 1139 817 perculsi
1155 750 1296 825 [percussi]
1313 765 1384 809 sunt.
1411 756 1477 823 Quae
1497 758 1615 827 synodus
1631 758 1766 815 bodiear·

136 835 342 910 flpppjmgnpum]
357 839 570 911 propiileii'i‘tl'iss
585 841 596 874 ¹
613 841 790 912 quorumdam
812 842 925 913 subpep.
976 837 1056 894 cliiii)
1078 841 1200 897 ecclesi&
1225 844 1386 900 doniilielttt.
1415 845 1449 900 ΕΙ
1474 845 1576 903 [θθιθιιῦ
1590 829 1765 920 ιιῐθιῐψιῧήθ,

136 927 213 995 ιιοιιι,
227 939 255 982 ut
282 938 309 984 et
337 929 549 987 clementissimo
564 929 677 1011 principi
693 931 818 987 suaderet
833 942 924 1003 typum
977 948 1025 1005 per
1039 950 1132 992 omnes
1143 947 1244 994 tractus
1258 937 1377 997 Orientis
1390 949 1418 997 ei
1441 942 1594 1012 Occidentis
1613 945 1719 1008 direxit.
1735 957 1765 1004 at

135 1020 431 1094 exponensquiiquo]
455 1021 616 1078 catholicum
643 1023 740 1093 dogma
763 1022 924 1079 destrueret.
976 1040 1025 1094 ptr
1052 1042 1147 1082 marrus
1178 1031 1387 1088 orthodoxorum
1418 1033 1535 1089 ltdelium
1567 1036 1765 1093 disseminavit.

136 1111 163 1167 ln
178 1128 231 1183 quo
244 1123 307 1184 typo
322 1129 415 1169 orornes
428 1114 538 1170 omniuo
552 1128 632 1169 voces
647 1123 800 1170 sanctorum
816 1113 924 1169 Patrrrm
976 1116 989 1156 ι
1003 1118 1068 1188 ipsis
1079 1119 1283 1179 diebusdlrexit
1297 1124 1444 1192 imperator
1456 1126 1482 1181 in
1498 1127 1600 1199 italiam
1610 1127 1765 1200 Olympium

134 1222 195 1260 runt
212 1205 465 1261 nefandissimorum
479 1204 668 1262 lrmretieorutn
684 1205 848 1262 dictionibus
857 1205 925 1280 [edi-
975 1212 1168 1270 cubicularium
1184 1225 1212 1273 et
1222 1218 1367 1274 exarchum
1382 1220 1414 1275 ad
1426 1221 1570 1291 regendam
1586 1237 1693 1278 ontnena
1708 1222 1761 1279 iia·

38 1364 44 1371 ⁴
133 1295 278 1370 ctionlbus]
292 1298 444 1363 enerravit,
455 1297 559 1353 scilicet
574 1311 624 1354 nec
635 1311 726 1362 unam,
743 1311 792 1351 nee
803 1295 868 1353 duas
878 1310 925 1351 to-
976 1300 1050 1367 liam‚
1064 1304 1233 1374 praecipiens,
1243 1317 1270 1361 et
1282 1306 1374 1364 dicens
1390 1325 1396 1361 :
1412 1308 1522 1378 ilportet
1547 1311 1659 1380 gloriam
1674 1321 1760 1377 tuam,

133 1388 260 1454 luniates‚
275 1397 320 1442 aut
334 1387 507 1458 operationes
524 1388 551 1442 in
580 1387 688 1443 Christo
704 1386 817 1443 hunino
833 1393 924 1442 nostro
976 1400 1004 1444 ut
1015 1391 1086 1447 sieut
1102 1392 1179 1448 nohis
1193 1394 1328 1465 suggessit
1349 1395 1448 1452 Paulus
1474 1398 1633 1466 patriarcha,
1655 1397 1765 1467 hujusa

132 1478 265 1533 deliniens
280 1478 415 1534 confiteri.
430 1478 487 1545 Qua
504 1482 539 1535 de
555 1494 585 1534 re
596 1477 749 1549 hujusmodi
766 1479 923 1546 pravitatem
976 1481 1031 1538 lieo
1045 1484 1237 1539 conservandae
1247 1484 1320 1541 urbis
1332 1501 1470 1558 peragere.
1487 1487 1520 1542 Et
1530 1488 1552 1541 si
1563 1486 1670 1559 quidem
1685 1489 1765 1545 iure-

131 1584 209 1625 suam
225 1569 382 1636 deierrdens,
397 1570 467 1641 quod
479 1585 615 1641 uunquam
628 1584 678 1626 nec
694 1586 709 1625 a
725 1570 857 1638 prioribus
869 1573 926 1625 bae-
975 1575 1048 1629 neris
1061 1575 1225 1643 provinciam
1240 1576 1325 1647 ipsam
1340 1578 1552 1635 contendentem
1564 1577 1591 1633 iu
1606 1587 1670 1651 typo
1684 1592 1700 1633 a
1713 1594 1764 1634 no·

132 1660 222 1716 retnis
242 1668 433 1730 presumptum
458 1670 509 1727 est,
539 1660 597 1730 ipse
612 1660 663 1715 ¹in
685 1660 733 1717 lite
761 1673 924 1730 presumere
975 1666 1016 1721 bis
1031 1667 1155 1736 exposito
1170 1677 1377 1738 teucreomnes‚
1391 1669 1435 1739 qui
1450 1669 1765 1739 ibisunt‚episcopotet

130 1753 233 1808 studuit
245 1753 272 1808 in
289 1761 390 1808 tanturn
407 1753 487 1826 [sero
503 1753 619 1807 resatriae
643 1749 780 1824 prorupit]
794 1759 824 1805 ut
836 1752 921 1808 altars
938 1731 960 1791 Β
976 1759 1118 1815 hereticos
1133 1774 1330 1831 possessorum,
1342 1771 1423 1831 atque
1437 1761 1629 1828 habitatorum,
1642 1772 1671 1818 et
1686 1777 1765 1831 pers·

131 1841 256 1899 ‘sancte
272 1850 373 1898 nostre
383 1842 466 1907 senis,
481 1842 553 1913 ruod
568 1851 627 1898 erat
651 1842 678 1896 iu
702 1842 782 1897 dono
797 1841 923 1898 eractura
975 1851 1080 1923 pinos,
1092 1854 1102 1886 ⁰
1116 1862 1144 1907 e
1158 1851 1184 1907 in
1197 1852 1292 1909 auden
1304 1853 1474 1909 subscribant
1490 1854 1585 1927 [iacias
1598 1863 1690 1911 tenera
1704 1869 1766 1910 on·

130 1942 268 1988 sacratum
283 1934 309 1989 in
323 1933 469 1990 venerabili
490 1934 612 2000 oraculo,
639 1933 810 1999 subvertens,
824 1933 923 2001 diripe·
974 1957 1022 1999 nes
1033 1944 1078 2013 qni
1096 1942 1193 1999 ibidem
1218 1954 1291 2012 gum,
1306 1944 1460 2013 episcopm,
1475 1953 1503 2000 gg
1520 1957 1692 2015 „0550ng
1703 1941 1764 2015 (8,,

133 2025 922 2083 ret.Prolrihensneadorandanretimmaoulutarrtbostiam
973 2031 1152 2102 prolessores)
1176 2040 1256 2103 atque
1282 2010 1446 2088 habitatores
1472 2033 1498 2089 in
1521 2033 1615 2088 eodem
1644 2033 1766 2089 subscri·

132 2119 293 2188 apocrisorii
314 2121 400 2175 nostri
425 2120 524 2175 ibidem
551 2121 606 2175 ileo
626 2117 852 2186 oderrerulcant‚
874 2133 923 2176 nec
972 2120 1059 2194 berel.
1076 2121 1104 2177 Si
1129 2131 1219 2177 autem
1244 2121 1378 2194 quomodo
1406 2123 1484 2179 nobis
1512 2123 1644 2194 suggessit
1667 2121 1764 2182 Platon

131 2212 330 2280 communionis
350 2222 518 2268 sacramenta
549 2200 707 2282 percipiant.
730 2212 779 2279 Qui
801 2211 923 2269 uidelicet
972 2214 1106 2284 gloriosus
1122 2215 1258 2283 patritius,
1273 2222 1302 2269 et
1315 2214 1463 2282 Eupraxius
1474 2214 1617 2283 gloriosus,
1633 2213 1656 2246 ¹⁶
1666 2223 1764 2284 polita·

128 2303 285 2374 apocrisarii
302 2305 360 2360 ¹ex
376 2303 556 2375 preceptione
578 2303 734 2375 apostolicae
755 2305 923 2359 auctoritatis
971 2306 1031 2361 ritis
1046 2304 1161 2360 suadere
1172 2307 1300 2360 exercitui
1329 2304 1428 2361 ibidem
1455 2304 1623 2371 consistenti,
1637 2303 1768 2384 iubentes

128 2406 333 2453 commoverunt
348 2411 419 2461 cum.
432 2403 461 2452 ut
475 2396 508 2451 dc
524 2395 568 2450 tali
581 2394 709 2450 heretico
723 2394 829 2450 intentu
845 2409 922 2450 rece·
971 2399 1057 2454 teneri
1071 2396 1226 2464 llartinum,
1242 2397 1287 2467 gui
1307 2396 1352 2453 hic
1373 2406 1432 2453 erat
1457 2394 1637 2466 apocrisarius
1647 2393 1675 2450 in
1689 2395 1764 2468 regis

128 2488 216 2544 tieret.
244 2486 298 2543 lise
322 2502 374 2542 non
395 2496 420 2543 ei
446 2486 592 2543 contestari
616 2486 665 2541 risi
687 2485 923 2559 [commonuerunt
972 2491 1049 2545 urbe.
1066 2488 1282 2559 Etpostmodum
1297 2502 1391 2544 omnes
1407 2488 1540 2544 Ecclesias
1554 2488 1674 2562 relegere
1687 2499 1763 2552 entim

128 2596 202 2646 eram,
219 2589 248 2635 ut
261 2580 295 2635 ab
309 2580 390 2650 latrjus
403 2579 515 2634 heresis
529 2579 678 2635 intentione
698 2579 848 2635 recederet.
867 2577 922 2634 lieo
970 2580 1031 2652 qnia
1049 2579 1136 2635 iactus
1147 2588 1191 2635 est
1204 2593 1219 2632 a
1234 2579 1313 2634 nobis
1325 2579 1493 2634 orthodoxus
1507 2587 1596 2649 typus,
1617 2584 1646 2631 et
1666 2588 1768 2659 omnes

131 2683 184 2725 non
214 2677 242 2725 et
265 2669 410 2724 cotrtestari
425 2682 486 2723 eunt
498 2665 577 2740 justi]
592 2677 664 2732 strui,
686 2667 919 2737 persecutionibus
972 2670 1092 2740 episcopi
1105 2670 1186 2726 ltaiire
1199 2670 1226 2726 in
1243 2671 1300 2739 ipso
1312 2668 1494 2724 subscribunt.
1507 2665 1533 2724 St
1547 2676 1637 2722 auteur
1650 2664 1763 2723 inrese-

130 2761 246 2816 ditcrsis
259 2775 320 2814 cum
335 2760 395 2815 aliis
409 2758 567 2814 orthodoxis
580 2761 655 2824 uiris.
671 2766 699 2815 et
721 2759 919 2815 venerabilibus
970 2762 1029 2819 ritis
1045 2760 1205 2836 [inveneris]
1219 2759 1381 2817 contrariam
1396 2760 1423 2814 in
1435 2759 1481 2814 tali
1496 2770 1587 2825 mosa,
1611 2756 1761 2812 exercitent

131 2853 327 2918 sacerdotibus,
339 2851 377 2925 [at
392 2850 449 2924 ilie]
461 2851 596 2907 insecutus
607 2859 649 2906 est
662 2864 720 2917 eos,
733 2851 862 2920 quosdam
873 2865 920 2906 eo·
971 2853 1079 2908 taciturn
1091 2850 1219 2906 habetote
1230 2851 1317 2905 donec
1331 2846 1504 2903 obtinueritis
1514 2838 1687 2919 [obtinueris]
1699 2856 1763 2913 pro·

132 2960 194 2999 rurn
208 2943 339 3000 custodis·
349 2944 500 3007 retrudens.
513 2941 580 2997 alios
590 2941 617 2996 in
627 2941 753 2996 exsilium
762 2941 919 3010 deportans,
969 2946 1095 3011 vinciant,
1124 2951 1153 2998 et
1174 2941 1316 3012 potueritis
1340 2936 1418 2995 robis
1440 2936 1590 2994 exercitum
1607 2931 1762 3010 [maiorem]

127 3034 195 3091 alios
210 3041 299 3088 autern
324 3031 482 3087 uerberibus
496 3030 507 3063 ¹
520 3030 703 3085 committens.
725 3029 826 3096 Quibus
851 3043 917 3099 pene
969 3033 1113 3104 aggregate
1128 3033 1147 3063 ¹¹
1166 3041 1254 3086 tamen
1268 3029 1395 3084 Romane
1414 3026 1541 3090 ciuitatis.
1555 3032 1637 3096 atque
1652 3023 1762 3080 baren·

128 3139 236 3180 ornnem
260 3124 391 3178 mundum
416 3122 649 3187 conturbantibus,
671 3137 703 3179 ex
723 3122 836 3178 diuersis
851 3122 917 3179 loeis
969 3127 1039 3179 natis
1052 3122 1118 3195 [taur
1131 3131 1159 3176 et
1172 3120 1300 3175 Romanas
1310 3115 1435 3183 civitatis,
1447 3131 1526 3188 guam
1537 3124 1564 3171 et
1575 3111 1762 3187 Ravennatisl,

127 3216 266 3281 quereiam
281 3226 374 3269 contra
390 3229 438 3269 eos
452 3213 672 3282 adapostolicam
693 3222 812 3269 nostram
827 3212 918 3268 sedem
970 3223 1000 3271 ut
1010 3229 1040 3269 ea
1055 3228 1114 3284 pute
1124 3229 1140 3269 a
1152 3212 1231 3268 uobis
1246 3220 1379 3279 precepta
1391 3207 1633 3278 suttt,tpuantocius
1645 3205 1759 3273 explere

130 3306 236 3377 plurimi
250 3306 393 3361 orthodoxi
407 3306 537 3362 detulisse
560 3314 754 3362 monstrantur.
770 3304 920 3376 corporan-
970 3307 1081 3363 raleatia
1096 3305 1220 3378 [raleasl.
1235 3303 1285 3371 Qui
1311 3301 1453 3370 pradictus
1474 3298 1625 3371 Olympius,
1646 3293 1760 3353 venien

129 3411 169 3453 tes
179 3408 207 3453 ut
221 3397 302 3453 totius
317 3398 426 3452 malitiae
438 3407 572 3467 tarrteque
583 3398 731 3454 eversionis
748 3413 796 3468 per
806 3408 917 3469 aposto·
970 3399 996 3453 in
1008 3399 1143 3452 ciuitatem
1161 3395 1320 3458 itomanam,
1342 3390 1444 3446 invenit
1464 3397 1584 3444 sanctam
1613 3385 1760 3441 isunnam

130 3491 208 3543 licam
222 3489 426 3543 auctoritatetn¹
439 3488 596 3544 abscindunt
607 3485 832 3560 [abscinderetur]
841 3502 916 3543 coru·
971 3486 1120 3543 Ecclesiam
1134 3485 1312 3540 coadunatam
1327 3496 1387 3537 eum
1414 3480 1539 3535 omnibus
1559 3477 1691 3547 episcopis
1704 3475 1760 3533 lta·

128 3589 260 3647 ruentum,
286 3587 417 3649 qrratsuns
445 3580 555 3635 minime
580 3581 660 3636 torius
689 3578 799 3653 [totum]
818 3595 917 3652 corpus
969 3576 1024 3643 liae,
1040 3588 1088 3632 seu
1103 3573 1288 3630 sacerdotibus
1300 3571 1342 3627 rel
1353 3571 1437 3626 clero.
1450 3567 1484 3622 Et
1496 3567 1589 3623 rolens
1602 3564 1760 3634 intplereea

126 3671 264 3726 catholicae
280 3671 407 3726 Ecclesia·
421 3669 544 3725 nocibilis
558 3684 650 3726 corona
668 3670 808 3726 ectheseos
822 3668 915 3742 [exse-
967 3682 1027 3737 tpnra
1037 3667 1062 3722 ei
1075 3667 1150 3737 jussa
1164 3672 1238 3727 suut.
1252 3664 1273 3696 ¹¹
1283 3676 1378 3718 amans
1390 3673 1484 3717 secun
1494 3658 1639 3714 exercitam
1653 3655 1762 3711 rimulis

127 3761 255 3834 tutionis]
268 3763 380 3834 languor
392 3762 562 3831 disrumpere
576 3760 674 3817 ramat.
697 3760 773 3817 'iuno
788 3761 917 3819 liariiaut
968 3759 1023 3833 lc..
1037 3758 1172 3815 exereitus
1184 3751 1306 3831 simiel,
1320 3752 1404 3809 noluit
1418 3751 1534 3807 schisma
1547 3755 1647 3821 morter
1661 3746 1760 3802 lisele·

125 3853 311 3907 sarretissinrus
327 3851 638 3919 sc¹beatusepiscopus
660 3851 782 3915 misit‚et
795 3864 910 3922 congre·
967 3851 1015 3906 sie
1039 3850 1076 3922 [in
1099 3859 1218 3903 moctsnt
1243 3843 1404 3917 Ecclesiam}
1422 3842 1611 3901 intromittere.
1637 3839 1694 3894 lloc
1709 3852 1760 3909 per

125 3945 197 4014 gavit
207 3945 349 4012 episcopos
364 3943 390 3997 io
401 3942 494 3998 urbem
511 3942 623 3997 liemarn
639 3955 751 3995 numero
763 3949 870 3995 centum
882 3948 910 3996 et
965 3943 1108 4016 plurimum
1123 3951 1228 4009 tempus
1239 3949 1328 3995 actum
1342 3947 1394 3994 est.
1412 3937 1445 3991 Et
1457 3950 1510 3992 non
1533 3934 1607 3990 iilum
1628 3932 1757 4002 omnipo·

125 4037 252 4105 utrinqne,
281 4044 308 4092 et
330 4034 392 4090 iecit
418 4033 550 4106 synodum
579 4031 726 4088 secuudum
755 4032 909 4087 institutum
966 4041 1025 4088 tens
1039 4033 1109 4087 heus
1123 4029 1245 4101 permisit
1265 4044 1324 4098 oure
1346 4028 1484 4084 nitebatur
1498 4025 1638 4096 perlicere.
1655 4022 1758 4080 Videras

126 4124 271 4198 [instituta]
283 4125 390 4182 Patrem
404 4123 613 4180 orthodoxorum
634 4123 662 4177 in
687 4123 800 4178 ecclesia
814 4120 908 4178 Stlra·
966 4140 1032 4192 ergo
1047 4138 1079 4180 se
1091 4138 1106 4178 a
1117 4131 1208 4178 tancia
1224 4121 1271 4178 liei
1283 4119 1415 4176 catholiea
1439 4128 1520 4188 atque
1545 4117 1691 4186 apostolica
1707 4113 1759 4170 Ec·

128 4214 194 4267 toris
204 4214 279 4284 juxta
294 4213 459 4283 episcopium
472 4213 661 4269 bateranettse.
677 4209 840 4268 Sedeoiibus
850 4209 913 4280 epl-
966 4214 1049 4271 clesia
1062 4223 1227 4282 superatum,
1241 4226 1351 4268 neccsse
1361 4209 1454 4264 babuit
1473 4211 1507 4264 de
1529 4221 1577 4264 sua
1588 4204 1664 4274 quasi
1684 4204 1759 4261 mala

125 4307 214 4374 scopis
227 4314 254 4361 et
269 4306 441 4377 presbyteris,
467 4305 614 4361 astantibus
638 4304 759 4360 diaconis
783 4312 811 4361 et
836 4303 910 4359 clero
966 4304 1114 4362 intentione
1127 4301 1272 4369 declinare,
1289 4308 1319 4355 ut
1332 4298 1404 4369 quod
1420 4313 1473 4353 non
1486 4296 1571 4366 putuit
1584 4308 1631 4363 per
1643 4307 1755 4347 manum

127 4397 273 4462 universo,
299 4396 545 4452 condemnaverunt
566 4397 664 4468 Cyrum
694 4396 912 4462 Alexandrinum,
928 4363 953 4423 Β
967 4405 1097 4452 armarant
1111 4394 1210 4458 lacere,
1222 4384 1412 4448 sub'haererieo
1426 4382 1606 4462 [subreptitio]
1618 4381 1698 4436 modo
1709 4395 1759 4450 per

12 4535 21 4544 .
127 4483 260 4553 Sergium,
273 4483 414 4555 Pyrrhum,
427 4495 455 4541 et
470 4485 591 4553 Paulum,
602 4487 770 4555 patriarchas
783 4488 913 4542 Constan-
969 4489 1110 4544 mistarum
1125 4485 1255 4541 solemnia
1268 4482 1294 4539 in
1308 4480 1422 4539 ecclesia
1437 4477 1483 4534 liei
1501 4484 1600 4533 sancire
1614 4471 1758 4544 genitricis

126 4575 336 4644 tinopolitanos,
361 4577 407 4646 qui
434 4579 565 4633 novitates
587 4589 680 4633 eontra
706 4578 906 4634 immaculatam
966 4591 1127 4649 semperque
1140 4575 1250 4647 virginis
1278 4573 1370 4629 ilaris
1393 4572 1427 4627 ad
1454 4571 1579 4638 Presepe
1602 4563 1757 4636 perde-eret.

568 4692 768 4753 inurentes
787 4694 977 4756 moriones
996 4697 1041 4753 ult
1060 4696 1137 4752 COD.
1158 4691 1235 4751 luc.
1255 4690 1317 4746 iio.

163 4789 171 4819 ¹
186 4785 220 4841 Ei
230 4804 315 4857 super.
1001 4793 1011 4824 ¹
1027 4791 1206 4846 discindatur.

163 4860 173 4959 Ξ
188 4858 346 4941 Qaihttsdom
362 4856 573 4928 subreptionibus.
1000 4860 1202 4967 :doctissimus

1000 4931 1167 5123 :an

163 5136 351 5193 ‘Sithnrittans
1000 5141 1021 5171 ¹¹
1034 5139 1152 5192 Arotnns.

748 5223 850 5280 ΝΟΜ]
870 5224 1029 5280 scientur
1051 5224 1138 5279 sinti.

125 5322 263 5402 corrigens
276 5319 302 5400 id
325 5316 394 5399 quod
406 5314 541 5398 prioribus
557 5314 724 5396 Editionilrus
739 5312 774 5396 de
790 5325 910 5395 tempore
962 5314 1083 5396 adeoque
1098 5314 1223 5395 hocloco
1237 5309 1305 5392 male
1328 5302 1581 5428 remusati-supra
1610 5297 1754 5366 sensuri,

126 5387 909 5580 iiiiiiifflii:”tilithiiiiiii?‘liiiio
963 5375 1756 5523 '¹ilitiliilielisabetae....a

126 5529 271 5610 sedimen?
292 5527 465 5605 Ιιῑῑιῑιῑῐθβῦθ·
744 5593 750 5604 Ι
805 5563 840 5605 '.
963 5533 1015 5589 tur,
1027 5524 1194 5592 contigerunt
1208 5520 1278 5601 eirca
1294 5528 1412 5639 tgmpora
1423 5513 1480 5637 [ipa
1496 5505 1725 5637 ιιξιιὲιιιιιιιὶῖΙιιιθιιιιιιιιιιιιιΙ
1726 5520 1754 5631 ²:

128 5591 910 5737 orso“essffssop‘ifss'ffi'ssi‘fqrf'ss‘issi.cfissss's'i'fii’ffiha‘ss'i‘i
962 5594 1420 5719 ῧῗὲὲέῐξῖἶὲἶῗὲἑῗῖιέιὲῗιιῗἰιῗὲ
1430 5598 1539 5718 t'ra‘ffun„
1553 5665 1616 5705 suu.
1629 5645 1696 5703 oto.

129 5741 296 5793 snasmtium
309 5748 371 5789 tere
382 5734 433 5789 sttb
440 5731 594 5803 proutillcatu
604 5732 738 5789 iumdori
750 5732 908 5802 corrupisse,
