3788 6126
146 283 218 341 ”29
874 287 1038 345 cantitat.
1704 282 1770 339 titt

147 398 232 469 praes
245 395 414 463 deosculari.
429 406 457 454 et
478 407 597 454 nostram
618 397 754 468 quereiam
778 399 811 454 ad
831 399 935 470 singnis
950 415 974 473 g
988 410 1014 458 te
1028 400 1172 472 corripias,
1193 409 1220 456 et
1240 408 1353 468 coaptum
1376 397 1492 469 reguiam
1515 397 1637 467 pericios
1651 414 1659 463 ;
1675 406 1702 451 ct
1721 414 1771 454 ttua

144 489 281 560 panderet
300 497 331 545 ct
350 496 378 545 tu
399 490 532 560 patienter
549 489 645 560 jubeas
663 489 836 558 auscuitartt,
859 501 887 546 ct
907 493 935 546 itt
987 492 1071 549 simut
1084 492 1207 561 discipnii
1218 532 1226 554 ,
1238 491 1354 557 subditi,
1368 504 1416 545 seu
1431 489 1549 558 adoptivi
1564 489 1629 556 iiiii,
1645 489 1768 564 itumiies,

143 583 282 642 commnm
295 583 386 655 reguis
396 585 527 641 cervicum
540 583 692 650 ioutttare,
705 593 732 639 et
744 585 894 651 corripere,
908 593 937 640 et
986 584 1141 641 obedientes
1163 584 1190 639 io
1212 584 1337 639 omnibus
1358 598 1418 651 quse
1431 590 1554 652 oportct;
1571 593 1598 638 et
1613 593 1641 637 tu
1661 580 1770 638 dciriutn

148 675 306 730 emendare.
326 673 402 742 Quod
422 674 445 730 si
465 685 492 730 te
511 674 624 731 minime
642 674 780 743 corripere
800 675 934 745 raineris,
985 673 1094 733 cinisio
1108 676 1166 730 siue
1181 676 1284 730 macuia
1299 675 1398 731 uiicras
1413 691 1462 731 nos
1477 676 1586 733 iiircsos.
1604 676 1701 732 Amen.

148 774 215 821 tnnc
230 765 372 821 tainum
384 773 414 822 et
427 780 477 823 nos
489 773 650 835 potestatem
661 775 759 821 caetera
772 768 934 824 monasteria
1026 764 1086 820 iioec
1099 775 1157 819 aunt
1182 768 1285 820 nomine
1301 782 1359 836 quoe
1373 783 1451 820 moun
1464 785 1510 821 suu
1526 769 1699 838 uirosque-qne
1712 766 1770 822 atti·

145 868 342 923 commonere,
356 866 404 913 aut
423 866 497 912 certe
516 856 689 925 episcopum,
705 855 750 926 qni
770 857 821 912 suit
842 858 933 927 reguia
986 856 1148 927 scriptionum
1161 858 1200 910 net
1213 857 1316 928 signum
1329 859 1355 911 in
1369 856 1417 912 icc
1429 867 1505 929 pacto
1518 859 1593 930 fecit,
1609 860 1636 913 id
1649 867 1701 927 ert,
1716 857 1770 924 iiie,

145 945 233 1015 risit,
245 947 286 1003 vsi
299 944 460 1003 catitoiicum
473 946 601 1003 Ecclesiae
613 946 781 1002 defensorem
795 948 932 1014 comitem,
986 946 1031 1013 iiie
1043 962 1053 1009 ‚·
1067 946 1104 1000 nei
1118 945 1182 1013 iiio,
1197 947 1302 1013 itiaque.

144 1048 174 1091 st
187 1037 317 1093 advocare
331 1037 364 1093 ad
379 1047 497 1093 nostram
512 1037 700 1105 collationem,
715 1047 745 1094 ut
757 1050 849 1093 coram
865 1038 933 1107 ipsit
1024 1035 1142 1104 Explicit
1156 1035 1246 1104 reguia
1262 1035 1348 1091 sancti
1363 1034 1503 1092 Fructuosi
1518 1037 1650 1109 episcopi.

269 1286 487 1351 urtsrott
512 1289 569 1350 tn
585 1283 880 1350 unsuttottntd
904 1278 1160 1345 triscurria!
1190 1279 1650 1349 cusanaddtistnattitt.

346 1426 436 1505 (Vide
454 1424 640 1505 Patroiogim
659 1429 733 1485 tom.
753 1422 890 1498 LXXX,
907 1421 970 1483 eoi.
986 1419 1059 1492 690,
1076 1420 1158 1481 inter
1175 1422 1357 1485 Brauiionis
1373 1424 1551 1505 cpisioias.)

146 1546 429 1563 ῃ

539 1637 693 1697 (ΞΑΒΙΙΝΑ
712 1635 921 1694 FRUCTUOSO
940 1637 963 1690 Δ
981 1632 1180 1703 QUIBUSDAM
1200 1634 1377 1693 ASCRiPTti.

747 1773 793 1836 iiis
808 1756 1028 1835 timendumque
1039 1767 1167 1832 sagrada.)

204 1990 226 2048 i.
246 1988 355 2045 Carmen
374 1989 402 2042 in
424 1986 525 2042 iaudent
544 1985 657 2056 episcopi
678 1981 869 2038 Narbonensis.
946 1976 1077 2043 BSacris
1090 1977 1203 2045 eloquiis
1213 1978 1284 2048 qnod
1299 1977 1401 2046 pruicrt
1423 1980 1480 2044 ipsa
1495 1985 1663 2039 sartctissirna
1679 1988 1769 2043 ratis:

143 2081 283 2142 Pnicitii...
298 2079 405 2137 radians
420 2079 522 2136 moritis
533 2088 561 2134 et
575 2079 636 2135 vite
649 2076 747 2133 inscito
911 2066 914 2072 ’
983 2068 1124 2124 Fructuosi
1139 2083 1254 2137 namque
1264 2069 1351 2124 duicis
1364 2086 1395 2124 ca
1409 2086 1456 2126 oie
1468 2074 1572 2142 ioqucia

143 2176 264 2247 Apparct
282 2176 310 2229 in
324 2171 428 2230 cunctis
442 2171 585 2241 preclarus
598 2169 644 2225 iiic
661 2167 804 2238 triumphis
982 2159 1063 2216 Sitti
1077 2161 1204 2216 emulcet·

141 2268 190 2325 sic
202 2252 358 2335 cantapia,
371 2264 411 2320 sic
422 2275 498 2319 mens
512 2269 539 2319 tc
550 2264 622 2331 sepit
635 2264 758 2328 truncata,
981 2254 1132 2312 Procedens
1149 2255 1249 2327 jugiter
1264 2256 1337 2311 suavi
1349 2272 1444 2312 cronia
1459 2259 1605 2327 permnicct

141 2358 180 2414 tta
190 2358 286 2415 merito
297 2357 386 2412 radies
399 2354 486 2411 honor
499 2353 527 2409 in
547 2353 614 2409 orbe
629 2352 685 2410 Dei.
980 2342 1143 2400 Cunctorum
1157 2362 1270 2418 corpora
1285 2349 1436 2403 sistentium
1449 2349 1498 2404 sibi
1513 2349 1608 2404 clusina

143 2448 212 2505 licta
234 2448 367 2516 qnondam
383 2445 430 2501 tibi
444 2445 541 2512 series,
556 2452 584 2500 et
594 2445 670 2514 origo
685 2443 812 2512 praciara
981 2434 1130 2493 Duicisonis
1143 2438 1273 2494 cicuitum
1286 2438 1476 2495 charismatum
1490 2442 1581 2506 diiuis,

144 2536 239 2593 eruin
252 2535 402 2591 insecuto.
423 2534 517 2589 cuttu
531 2532 716 2604 gaitanum.
979 2524 1315 2594 coaceruanturque,

140 2624 337 2695 marramque
352 2623 471 2694 pontiier
484 2620 788 2690 solasortitusopimam
981 2614 1090 2672 Prnmet
1105 2617 1221 2674 iacundo
1245 2632 1278 2674 er
1306 2632 1354 2676 ore
1376 2620 1504 2676 carminis
1529 2621 1591 2676 nimi
1618 2624 1788 2705 ginrtiicunr

141 2714 227 2771 licuit
239 2715 408 2771 muitiiatiter
422 2714 511 2769 divina
526 2713 681 2784 dignatione
700 2709 863 2767 uarounau.
1130 2725 1137 2736 ·
1505 2709 1583 2781 [tirio.
1601 2728 1634 2768 rn-
1646 2714 1696 2769 ius.

140 2805 241 2878 sicque
254 2807 438 2863 deterrenaom
450 2805 543 2860 i’etros
555 2804 711 2860 ciimaverat
730 2803 839 2872 urbem,
981 2798 1026 2855 Sic
1037 2799 1151 2870 denique
1166 2802 1240 2858 ciaro
1258 2802 1382 2857 intonans
1397 2803 1504 2872 eloquio
1520 2805 1590 2859 tandi

139 2896 242 2955 Decem
255 2906 284 2952 ut
295 2896 393 2953 calicis
408 2895 487 2952 taient
502 2896 627 2966 copniare
648 2896 794 2967 phalangis.
981 2890 1116 2962 itogruatis
1131 2893 1252 2963 praecisi
1269 2894 1371 2950 crebris
1386 2896 1488 2951 reinisit
1501 2899 1637 2953 miraruiis
1649 2900 1727 2967 ciiin,

284 2985 317 3043 ΙΙ.
338 2985 448 3042 Carmen
462 2987 490 3040 in
505 2986 679 3042 Simoundou
691 2989 785 3058 regim.
979 2979 1067 3036 (lieret
1080 2990 1188 3050 aspcctu
1204 2983 1333 3050 jocundo,
1349 2992 1378 3040 ct
1391 2983 1484 3039 iniistis
1498 2998 1606 3054 semper

139 3077 211 3147 Quid
221 3077 397 3133 Sisenandum
408 3076 524 3133 recolam
536 3079 620 3148 gratia
636 3078 770 3146 praecipua
780 3091 872 3148 tegent
981 3071 1082 3127 Emicat
1095 3071 1175 3142 jubar
1190 3074 1304 3128 rutiians
1319 3074 1452 3131 introrsus
1464 3074 1513 3130 tiri
1536 3077 1562 3130 in
1585 3078 1668 3132 conia
1687 3080 1766 3133 ‹iodi-

139 3165 258 3235 Popoios
271 3165 315 3234 qni
330 3166 381 3221 tite
395 3167 475 3232 rctit,
485 3176 653 3235 cunctosque
664 3164 772 3220 rcioait.
1624 3168 1697 3240 [cato

138 3255 286 3311 iiinstrinm
300 3256 429 3312 nicaeam
446 3269 577 3327 generoso
592 3256 686 3311 inmite
700 3270 820 3325 pompas,
978 3253 1132 3312 coruscans
1147 3258 1249 3313 celitus
1261 3256 1394 3329 Paraciqti
1416 3256 1504 3314 iumen
1520 3258 1656 3328 intutum,

136 3346 251 3419 ignosce
262 3359 319 3416 ipse
333 3350 455 3418 proprias
466 3348 557 3417 stirpis
569 3347 658 3403 inciita
676 3361 766 3401 retias.
942 3324 965 3389 c
980 3345 1163 3416 desplendeut
1177 3348 1281 3404 scdoiic
1295 3346 1348 3403 uiia
1360 3347 1419 3404 siue
1434 3349 1633 3407 intermissione
1645 3356 1762 3408 iicatuiu.

137 3438 244 3493 Bonum
256 3439 419 3508 propagine:
434 3436 549 3508 geminat
569 3438 701 3507 refulgere
715 3439 841 3493 iocerne.
977 3439 1072 3508 Angeii
1090 3439 1126 3493 ad
1143 3441 1225 3494 instar
1240 3439 1336 3494 intuitu
1351 3439 1440 3494 vuitus
1454 3440 1518 3495 atini

135 3534 174 3587 Δι
187 3529 291 3600 Lupus,
304 3530 448 3600 Brutioque
462 3532 499 3585 tui
517 3533 636 3601 germani
647 3530 748 3595 decori,
976 3529 1079 3588 Sereno
1091 3545 1254 3602 semperque
1269 3531 1313 3602 pio
1326 3546 1438 3587 cernere
1452 3535 1584 3599 obtritum,

134 3618 242 3687 Quibus
255 3621 405 3677 ctartssiuo
415 3621 515 3676 ditatus
531 3621 614 3675 Britio
635 3628 698 3676 natu
976 3621 1092 3677 Curuios
1105 3637 1173 3691 qnos
1184 3623 1316 3692 conspicit
1328 3623 1386 3694 ipse
1399 3625 1477 3679 docet
1492 3641 1585 3682 ovantis.

134 3710 259 3767 obtinuit
270 3709 348 3781 iegati
362 3710 464 3766 iustam
477 3712 602 3781 equitate
615 3721 766 3765 matronam
976 3710 1029 3767 Nnc
1046 3720 1146 3768 tautum
1157 3715 1262 3770 sciiicet
1275 3714 1409 3784 ireqncnti
1421 3717 1548 3772 admonet
1562 3718 1654 3783 vorin,

135 3800 257 3871 nitique
271 3801 397 3859 videlicet
416 3808 491 3858 estat
510 3804 604 3858 unicus
619 3818 698 3857 crror
975 3800 1107 3867 Quantum
1122 3818 1172 3859 suo
1186 3804 1312 3860 aideiicet
1332 3804 1447 3860 acdiiicat
1469 3821 1598 3876 sequace,-
1612 3811 1738 3877 istcinpiu
1755 3829 1763 3867 :

137 3890 253 3949 iliricum
264 3896 359 3949 sortita
380 3897 475 3966 pignos
491 3895 615 3950 mirabile
632 3896 709 3951 ttoitis
977 3894 1061 3951 Docet
1075 3897 1147 3952 enirn
1164 3897 1345 3954 indesinenter
1363 3897 1549 3968 quodcumque
1565 3900 1627 3953 init

135 3980 167 4039 in
182 3998 236 4052 qun
250 3992 388 4040 rcteutans
402 3985 437 4052 pii
451 3984 545 4054 gaudia
559 3998 654 4055 magna
670 3985 731 4038 viri.
975 3986 1041 4055 Quia
1057 3988 1121 4042 tacit
1134 3989 1265 4045 instanter
1278 4005 1357 4046 omnc
1369 3990 1440 4060 quod
1454 3990 1512 4061 ipsc
1531 3991 1618 4046 docet.

245 4072 289 4128 itt.
313 4072 421 4128 Carmen
444 4075 478 4128 nd
503 4060 640 4144 quemdum
668 4075 815 4129 diaconum.
975 4076 1133 4130 Sarnctnrum
1146 4078 1252 4146 agmina
1266 4079 1342 4134 beata
1357 4093 1420 4133 cura
1434 4079 1516 4134 aiacri
1532 4080 1689 4149 periurique

136 4160 201 4217 iiaec
213 4172 259 4216 toa
273 4162 343 4217 aime
357 4162 426 4219 deos
439 4160 540 4217 curtsu
553 4171 699 4234 sancteque
714 4164 806 4228 iuvita,
975 4169 1082 4221 Arciam
1097 4167 1281 4223 incunctanter
1294 4167 1395 4224 intrarc
1409 4171 1528 4237 protinus
1541 4185 1587 4238 pcr
1601 4172 1670 4224 viarn

134 4248 171 4307 ttr
181 4251 267 4306 tineis
281 4251 387 4317 merito,
404 4252 571 4307 transcendis
582 4251 701 4308 cuiminc
716 4255 797 4307 caios
975 4258 1092 4313 Paradisi
1106 4258 1277 4327 tripudiando
1290 4260 1367 4314 ocius
1382 4260 1533 4330 pertingere
1548 4265 1633 4329 puina

134 4341 234 4410 tiiirpit
246 4341 320 4413 otigo
333 4351 385 4398 itin
404 4342 467 4398 iicet
481 4344 648 4400 nobilissimo
663 4343 728 4399 tutu
975 4348 1107 4420 iingeiicis
1119 4350 1190 4406 iiiico
1205 4351 1285 4421 potiri
1299 4351 1391 4406 choris
1403 4351 1539 4408 consortio
1549 4353 1655 4421 dignus.

134 4432 242 4488 Eniteat
256 4433 389 4501 preconio
400 4433 582 4504 sanguineque
602 4434 749 4504 praeciaro:
973 4440 1118 4511 iiiartyrum
1129 4444 1243 4496 cateruis
1253 4441 1429 4497 contubernio
1447 4456 1510 4496 mox
1523 4443 1639 4512 aiijnuge
1654 4444 1741 4500 ineatis

131 4524 296 4593 Quotamen
311 4527 429 4581 constitit
444 4528 558 4594 amptius
575 4537 718 4599 propagata
739 4542 870 4582 succensu
973 4530 1094 4602 iti-gnum
1117 4544 1144 4588 ct
1168 4541 1297 4586 aetcrnutu
1323 4533 1487 4602 pcrcnmiter
1512 4532 1564 4588 irui
1589 4551 1637 4605 per
1660 4541 1760 4592 sucu-ia

130 4616 193 4673 titt
203 4629 319 4686 namquo
333 4614 378 4672 oct
391 4631 510 4671 summus
524 4616 590 4671 ordo
605 4629 681 4671 sacer
694 4618 779 4686 gioria
1601 4627 1708 4701 [cuncta

131 4705 370 4775 scrutatoqspes
384 4705 426 4760 ⁰⁸¹5
442 4716 510 4774 ⁰¹²¹,
522 4706 591 4762 ”iiii
604 4707 656 4759 vita
671 4708 777 4775 iudici·
937 4671 1104 4788 Diinqncrc
1120 4718 1245 4773 mundum
1265 4719 1320 4773 suis
1336 4733 1396 4773 cum
1414 4718 1545 4774 iiicoeitris
1559 4734 1668 4776 outnent

130 4796 281 4866 Nilumque
295 4796 356 4852 ¹³⁰⁰
371 4797 433 4850 '³0¹¹
448 4796 552 4850 “miii
565 4794 701 4861 ¹³⁰i¹¹⁰iiis
972 4808 1086 4862 Temere
1101 4808 1206 4861 divitias
1225 4808 1313 4877 potius
1327 4810 1482 4865 rernnuiare
1496 4811 1591 4880 opiitns
1606 4812 1721 4867 cunctis.

127 4890 228 4961 iiptirui
248 4904 324 4945 ntore
348 4898 377 4944 ut
394 4889 465 4959 genti
482 4887 587 4944 rcdoics
602 4890 744 4943 virnntuus
972 4899 1073 4950 trinum
1085 4897 1234 4964 despicere,
1249 4912 1376 4969 respuere
1389 4905 1499 4955 omnino
1518 4915 1667 4972 argentum,

128 4981 306 5051 incurrisque
322 4981 459 5037 alabastro
475 4980 584 5048 pedibus
598 4981 741 5037 dominicis
971 4985 1147 5042 Parsimonia
1160 4989 1227 5043 cibis
1237 4998 1265 5044 ut
1279 4990 1380 5058 optimo
1391 4993 1475 5062 pasci.

128 5072 283 5127 Preeiiuurn
304 5068 393 5125 iundis
408 5078 499 5126 nectar
513 5071 609 5140 ungino
623 5074 768 5128 catiruiico.
969 5077 1076 5134 tutiore
1090 5096 1209 5146 crucem,
1224 5083 1336 5152 capium
1357 5087 1431 5156 sequi
1447 5093 1578 5156 pastorem

126 5162 277 5216 iiciittatum
294 5161 351 5229 ipsc
369 5173 494 5217 constans
508 5163 582 5216 vario
596 5163 788 5217 cinrisnrnrmu
974 5173 1024 5237 Qui
1037 5184 1111 5241 parat
1123 5175 1650 5247 eximiossertispostinhorenttropitcos

123 5250 235 5307 Uurrcra
255 5262 282 5303 ct
296 5261 385 5307 sancta
400 5266 513 5327 carpeqe
525 5253 593 5307 dona
608 5255 678 5324 targa
690 5257 803 5324 spiritus
973 5248 1084 5332 nc'post
1097 5262 1225 5319 inuncnsa
1241 5263 1331 5333 gentiti
1347 5275 1426 5335 atque
1441 5265 1535 5319 semita
1557 5263 1753 5336 iacitryutarnra

125 5344 265 5399 adiuturis
276 5345 348 5398 enim
369 5345 463 5400 eiectis
477 5349 646 5416 praentiurutn
662 5350 753 5404 suciis.
972 5353 1073 5410 iieddet
1087 5357 1169 5410 travit
1185 5359 1294 5426 superui
1310 5359 1336 5412 in
1347 5356 1512 5412 exultatione
1525 5359 1685 5427 triumphos,

499 5434 541 5489 W·
574 5462 580 5474 ·
971 5446 1070 5501 i'aratts
1100 5463 1206 5519 quoqne
1243 5449 1412 5516 insontibus,
1438 5451 1546 5519 prtetnin
1582 5451 1643 5520 qnia
1673 5452 1756 5509 itbcrc

154 5522 263 5577 Cerriite
276 5523 363 5578 curacii
379 5539 497 5594 praesens
512 5529 583 5597 quud
600 5532 694 5600 pagina
707 5540 794 5600 gestat
1594 5541 1704 5615 [queant

154 5664 167 5693 ⁸
188 5655 304 5710 (tannen
323 5654 372 5709 hoc
386 5672 437 5711 nou
452 5664 535 5711 tama
555 5658 704 5718 Frncntoso
727 5667 904 5737 compositum
928 5686 1006 5742 quam
1029 5674 1053 5729 in
1068 5673 1174 5730 iaudent
1192 5672 1274 5744 ipsius
1288 5672 1394 5731 nitetur
1409 5673 1516 5733 iactum.

263 5746 397 5805 inrum.
418 5746 607 5814 Lxxxmt.
1496 5764 1535 5826 30
