3766 6120
78 343 144 400 toti
719 342 750 402 S.
768 336 968 399 cottitttistit
989 340 1080 400 iitt.
1645 357 1714 415 ibib

71 464 117 509 tur
129 452 193 522 qnid
206 453 240 508 de
253 451 300 508 iiio
315 450 372 509 ieri
387 453 497 511 retient.
512 453 549 511 titi
563 454 635 511 siunt
652 454 706 510 bec
718 466 767 509 suo
778 452 793 482 ³
809 450 864 506 io·
877 447 904 506 d
918 449 1003 521 (Peri.
1018 455 1118 525 urruns)
1133 470 1142 512 ι
1156 469 1217 513 enm
1232 464 1346 517 terrem
1360 475 1425 532 opes
1438 462 1629 540 subvenerint,
1646 480 1711 529 tuuc

70 546 155 613 dano,
172 560 252 617 quem
272 544 433 602 Mercurium
453 545 625 615 incantandi,
645 561 676 603 se
689 546 758 603 reiie
778 545 867 602 litare.
918 545 1000 614 gratis
1015 556 1174 603 amoventur
1188 548 1280 606 itique.

71 637 121 694 ttie
145 636 302 707 pestiferum
330 651 396 708 opus
420 639 543 704 audiens,
568 652 615 693 ras
637 636 743 694 eminus
768 635 868 703 sumat,
953 634 1001 691 55.
1018 636 1077 704 ipso
1096 638 1186 707 itaque
1199 648 1391 710 temporecum
1404 642 1456 701 sub
1470 632 1586 714 qiman
1600 654 1712 725 scopuin

68 729 198 798 miroque
217 729 299 783 modo
319 740 367 782 ras
389 742 451 782 cum
474 725 581 798 iragore
600 726 765 794 dissolvitur,
789 733 817 781 et
840 723 868 781 iu
918 722 988 781 inter
1000 735 1075 783 rasta
1088 728 1171 783 eremi
1191 726 1293 798 iejrrnio
1306 746 1404 801 corpus
1418 736 1580 808 conficeret,
1600 749 1628 796 et
1642 741 1710 798 uibii

70 819 420 890 transmeduanensis
438 821 531 889 rapida
547 836 608 877 cum
624 820 729 893 fragore
747 819 868 877 cervisie
917 816 989 872 aliud
1007 817 1105 888 preter
1122 821 1193 876 ruris
1212 835 1305 890 poma,
1325 838 1438 894 quorum
1460 828 1583 898 superius
1599 828 1712 891 iectnus

69 912 224 982 prorumpit
237 927 245 966 ι
259 909 456 980 manifesteque
468 911 548 968 datur
561 913 673 983 intelligi
687 911 824 968 diabolum
839 910 867 967 in
917 909 1091 977 mentionem,
1106 913 1133 966 in
1154 911 1230 968 eibos
1248 922 1369 981 caperet,
1392 918 1466 972 renit
1484 929 1590 975 assueta
1611 922 1711 980 abditas

70 1016 106 1057 eo
121 1016 185 1057 rase
198 1000 282 1057 inisse
296 1001 480 1071 occultatum,
499 1005 545 1072 qui
560 1019 608 1073 per
622 1002 763 1072 protanam
778 1001 868 1057 litato·
916 1000 1072 1056 runcinus
1088 1002 1142 1057 iera
1163 1016 1259 1068 ursus,
1276 1005 1410 1075 ooepitque
1430 1010 1595 1066 necesssrios
1608 1011 1711 1068 delam·

68 1108 131 1149 rem
143 1093 369 1162 eaperetsnimse
383 1092 602 1149 sacridcantium.
617 1091 745 1149 videntes
758 1091 866 1149 barbari
916 1090 981 1148 bere
1003 1093 1089 1163 cibos,
1112 1107 1143 1150 sc
1165 1108 1243 1165 poma
1263 1110 1311 1152 ore
1324 1095 1478 1154 detrahere.
1501 1099 1622 1172 cumque
1645 1103 1711 1160 bora

69 1184 249 1254 rdtatnpeiacti
263 1185 339 1240 aiunt
360 1199 487 1254 magnum
504 1186 589 1241 airum
605 1184 652 1240 tiri
668 1184 768 1241 babere
781 1185 866 1240 anbe·
916 1185 1071 1243 reiectionis
1097 1186 1269 1254 aduenisset.
1292 1185 1308 1228 ῑ
1334 1188 1533 1260 cbmnoumn
1557 1192 1710 1251 ministrum

69 1275 219 1347 tirampni
240 1276 280 1331 sic
293 1275 379 1346 possit
390 1274 539 1335 dtssnirsre
559 1291 607 1333 ras
619 1276 790 1349 iigamiuibus
803 1291 864 1332 mn·
915 1294 993 1336 suum
1008 1279 1112 1353 dirigit,
1125 1289 1154 1336 ut
1168 1289 1324 1337 consuetam
1339 1296 1492 1339 mensuram
1508 1298 1649 1354 pomorum
1663 1286 1712 1342 de-

65 1370 156 1424 nitrn
173 1386 180 1423 :
200 1368 398 1438 castigatosque
417 1366 497 1424 dictis
520 1368 690 1440 evangelicis.
714 1376 744 1425 ot
765 1366 800 1424 ab
823 1365 866 1423 bis
916 1370 1076 1440 [emenoni
1096 1385 1157 1426 cum
1177 1371 1305 1439 abiisset,
1328 1386 1421 1429 ursam
1441 1373 1582 1431 interiores
1601 1374 1711 1432 frutices

66 1467 276 1532 “manetur
298 1458 457 1525 sacribciis,
480 1459 605 1516 domibus
628 1459 716 1516 redire
738 1459 863 1529 inperat
914 1463 1050 1534 rubosque
1074 1463 1214 1535 pe'rrsgari
1240 1465 1385 1534 perspexit,
1408 1479 1441 1520 ac
1464 1481 1542 1536 poma
1566 1468 1709 1525 tambendo

69 1550 147 1608 ttntu
160 1563 225 1622 erqo
237 1562 333 1606 eornm
348 1559 412 1605 tone
431 1564 479 1620 per
492 1550 562 1607 beati
575 1551 626 1606 viri
647 1565 754 1606 snasnrn
767 1548 801 1605 ad
816 1549 864 1604 do·
913 1571 1036 1626 carpere.
1060 1554 1186 1612 Festinus
1204 1556 1289 1622 retia,
1310 1556 1435 1626 Patrique
1454 1556 1554 1614 indicat
1570 1575 1577 1613 :
1594 1558 1639 1614 itte
1656 1559 1709 1615 im·

65 1641 187 1698 citium
210 1649 238 1698 ei
260 1642 293 1696 ¹⁶
312 1639 412 1697 Christi
438 1640 517 1698 fide!
537 1642 675 1708 conversi»
702 1641 862 1713 hiensium
915 1657 990 1718 perat
1010 1659 1039 1704 ut
1059 1658 1119 1714 eat,
1136 1656 1294 1717 partemque
1308 1645 1435 1704 buticum
1451 1647 1477 1702 iu
1493 1648 1567 1703 cibos
1585 1649 1647 1705 tere
1668 1648 1710 1705 di·

63 1736 206 1792 οιιιιιιιί
230 1742 309 1800 sont3
332 1733 451 1805 situsque
472 1735 563 1802 etiam,
587 1749 655 1807 quos
675 1735 731 1806 lam
755 1735 862 1792 tarnem
915 1739 1018 1803 mittat,
1032 1737 1165 1808 aliamque
1178 1747 1280 1807 partem
1294 1736 1344 1793 sibi
1363 1750 1501 1793 reservare
1513 1737 1600 1809 iubet.
1623 1739 1709 1795 sbtit·

64 1829 175 1885 abtutos
188 1842 265 1884 error
277 1827 415 1885 detinebat
432 1828 570 1899 protenus,
583 1829 616 1885 ad
630 1828 730 1885 coitum
743 1840 859 1898 euange-
878 1798 967 1902 ¹³que
980 1827 1177 1900 Cbagnoaidus,
1192 1841 1224 1882 ac
1236 1826 1310 1898 iussa
1323 1827 1459 1898 implerit,
1475 1827 1620 1899 divisitque
1633 1828 1707 1899 rirqs

64 1921 129 1977 iirae
142 1922 272 1977 doctrinm
284 1920 463 1977 munitissuis
484 1921 610 1979 utbanus
624 1930 716 1994 pastor
738 1921 863 1979 Ecclesia
913 1922 1022 1979 truticce
1042 1920 1187 1991 rubosque,
1211 1933 1271 1988 ιιι
1293 1932 1370 1989 poma
1394 1917 1527 1988 terebant,
1551 1929 1579 1976 et
1604 1929 1706 1991 partem

64 2010 218 2067 semissibus
229 2011 375 2067 reducebat
388 2013 499 2082 sparsis.
911 2028 987 2070 suum
1000 2011 1076 2082 iuxta
1090 2010 1139 2064 viri
1161 2009 1208 2064 Dei
1224 2009 1363 2079 imperium
1378 2010 1433 2078 egit
1447 2018 1477 2064 ut
1490 2007 1547 2066 iera
1565 2009 1705 2077 comedat,

104 2101 152 2159 bi.
173 2103 213 2159 tio
226 2102 316 2172 itaque
333 2113 454 2173 tempore
468 2102 648 2161 Theodericus
662 2113 742 2176 atque
760 2105 862 2160 tirune-
911 2102 1045 2173 aliamque
1059 2108 1161 2171 partem
1182 2099 1209 2155 in
1232 2114 1296 2155 osus
1310 2099 1360 2156 riri
1378 2099 1425 2156 lici
1440 2108 1570 2156 reservat.
1590 2100 1656 2157 iiira
1678 2102 1706 2158 in

62 2192 166 2248 ebiidis
189 2207 242 2248 non
266 2190 354 2248 soium
369 2192 510 2250 adversum
529 2193 723 2250 Goiumbanum
744 2193 861 2249 insanie·
911 2196 967 2251 iera
981 2192 1152 2250 obedientia!
1169 2207 1336 2263 nequaquam
1356 2206 1390 2248 ex
1404 2190 1537 2264 prohibita
1554 2200 1629 2261 parte
1642 2206 1706 2248 ansa

65 2284 144 2349 bant,
158 2298 251 2338 rerunt
273 2284 353 2340 etiam
368 2292 396 2340 et
415 2295 509 2340 contra
532 2284 730 2340 sanctissimum
752 2284 862 2340 beside·
911 2298 952 2343 est
967 2300 1065 2355 capere
1077 2287 1162 2349 cibos,
1177 2284 1224 2339 sed
1245 2285 1271 2339 in
1293 2292 1431 2356 segregata
1452 2283 1637 2355 permissaque
1655 2282 1706 2339 sibi

64 2381 138 2434 mum
168 2379 327 2435 Viennensis
352 2379 426 2435 urbis
452 2380 606 2449 episcopum
633 2379 859 2444 adversabantnrq
910 2371 1704 2445 iruticumpartetautummodopabuiarequisirit,quoad·

62 2486 146 2541 quem
161 2473 276 2542 primum
290 2472 387 2528 ersiiio
399 2471 554 2527 damnatum
567 2472 657 2527 multis
672 2470 777 2541 iniuriis
795 2472 862 2528 stui-
910 2481 994 2536 usqne
1007 2466 1050 2521 tir
1064 2463 1111 2520 bei
1124 2477 1157 2518 eo
1170 2463 1197 2518 in
1211 2462 1271 2518 ioco
1283 2470 1463 2520 commoratus
1476 2472 1529 2521 est.

63 2580 130 2633 gere
144 2565 309 2631 nitebantur,
325 2564 359 2620 ad
373 2572 537 2634 postremum
555 2580 619 2620 roro
630 2564 748 2634 glorioso
761 2573 860 2635 marty·
944 2561 989 2620 si.
1011 2559 1114 2618 interea
1139 2559 1265 2632 cogitatio
1287 2559 1313 2614 in
1338 2569 1456 2616 mentem
1468 2561 1521 2616 ruit
1534 2570 1562 2616 ut
1575 2556 1705 2618 venetio·

60 2660 107 2714 rio
119 2666 285 2713 coronarunt
297 2677 304 2711 :
318 2657 394 2726 cujus
406 2665 480 2728 gesta
494 2657 592 2726 scripu
606 2657 748 2721 habentur,
763 2654 859 2723 quibus
909 2669 980 2716 rum,
1007 2651 1052 2723 qui
1078 2661 1105 2706 et
1129 2651 1216 2709 Seiani
1236 2649 1370 2718 dicuntur,
1392 2652 1521 2708 terminos
1535 2651 1632 2721 adiret,
1651 2668 1704 2709 ce·

60 2758 89 2807 et
103 2748 212 2819 quantis
226 2747 434 2804 adversitatibus
453 2747 600 2819 gioriosum
622 2746 692 2816 apud
717 2745 857 2802 bominum
908 2758 1007 2814 casque
1027 2748 1131 2798 mentes
1149 2741 1303 2811 evangeiira
1317 2741 1377 2797 tuce
1387 2741 1545 2807 illustraret,
1559 2756 1591 2798 ac
1601 2741 1635 2796 ab
1649 2743 1704 2797 ori·

62 2841 162 2895 sternit
177 2839 278 2894 babere
290 2837 465 2908 triumphum.
491 2838 608 2894 Vacante
630 2838 717 2912 ison,
733 2832 858 2909 vagante]
907 2834 969 2907 gine
994 2849 1043 2904 per
1067 2834 1125 2887 aria
1138 2832 1325 2888 oberrantibus
1339 2832 1459 2887 veritatis
1478 2832 1547 2886 riam
1562 2831 1701 2900 panderet.

61 2930 154 3000 itaque
165 2929 331 2986 Cotumbano
341 2945 401 2987 cum
413 2929 469 2986 suis
483 2945 564 2999 penes
576 2930 736 3002 Brigantiam
751 2931 855 2998 urbem,
908 2925 1031 2994 Cinnaque
1045 2925 1103 2978 baec
1116 2922 1184 2977 rotis
1200 2922 1356 2990 patrandum
1370 2929 1453 2988 esset,
1475 2920 1585 2992 angelus
1597 2920 1702 2976 Domini

62 3024 140 3080 dun
153 3025 283 3095 egestatis
302 3034 407 3093 tempus
420 3024 539 3080 obvenit.
561 3024 614 3082 Sed
629 3025 750 3095 quamvis
764 3024 859 3080 tiimo-
907 3017 933 3074 ei
957 3030 1005 3087 per
1026 3015 1113 3070 risum
1131 3013 1263 3084 apparuit,
1286 3026 1419 3082 paruoque
1438 3012 1549 3081 ambitu,
1577 3011 1651 3068 reiut
1673 3015 1701 3067 in

60 3116 118 3168 siae
129 3113 276 3180 densent,
297 3115 423 3169 manebat
436 3114 593 3172 intemerata
606 3123 686 3185 atque
700 3117 855 3171 inconcussa
870 3132 894 3198 c
910 3108 1025 3182 paginati
1047 3107 1135 3163 soient
1159 3105 1230 3176 stpio
1257 3103 1330 3160 orbis
1361 3104 1513 3159 describere
1544 3103 1699 3173 circutum,

59 3202 148 3269 fides,
173 3217 234 3273 que
257 3204 409 3259 necesmris
432 3203 501 3275 apud
523 3203 664 3260 bominum
688 3205 856 3273 impetraret.
910 3201 1000 3255 mundi
1028 3211 1184 3268 compagem
1211 3197 1377 3251 monstrarit.
1401 3193 1614 3266 demisinquit,
1628 3199 1702 3267 quod

58 3290 186 3362 cumque
196 3290 252 3362 iarn
267 3291 355 3347 triduo
367 3290 471 3364 jejunio
485 3293 555 3349 iessa
568 3300 679 3361 corpora
693 3302 801 3361 essent,
817 3302 860 3349 ret
909 3299 1015 3348 maneat
1036 3299 1107 3344 totus
1131 3287 1204 3345 orbis
1228 3287 1395 3356 descriptusi
1418 3302 1498 3357 perge
1520 3286 1639 3354 dextera,
1655 3289 1702 3344 iae-

58 3392 194 3453 prrerttnt
215 3390 314 3438 ιιιιιιι
334 3383 438 3454 copiam
461 3384 564 3451 alitum,
584 3386 658 3441 reiut
679 3385 857 3442 israeiitarum
908 3396 993 3451 saque
1006 3395 1057 3451 qua
1073 3379 1159 3449 etigts,
1178 3385 1208 3433 ut
1226 3375 1325 3434 tuberis
1339 3380 1376 3432 tui
1393 3374 1494 3432 iructus
1506 3378 1640 3434 medas.
1657 3378 1701 3434 in·

59 3483 154 3533 nstra
169 3475 293 3529 oosumis
309 3470 374 3529 oiim
389 3476 509 3543 operuit;
534 3476 568 3530 ita
591 3485 620 3530 ut
639 3489 746 3531 omnem
759 3490 857 3548 pagum
908 3471 1011 3529 teitexit
1028 3484 1095 3541 ergo
1114 3469 1160 3526 iiie
1179 3483 1232 3525 non
1253 3483 1314 3525 esse
1336 3472 1422 3539 gentis
1439 3469 1510 3526 iiiiua
1532 3470 1559 3526 in
1574 3482 1700 3541 promptu

55 3563 117 3621 tart
139 3563 213 3619 iiiios
234 3563 327 3619 alitum
353 3562 494 3620 multitudo
515 3565 645 3636 oppleret.
671 3565 858 3623 iuteiieritrir
908 3564 969 3621 idei
984 3566 1143 3635 protectum,
1156 3563 1308 3632 quievitque
1321 3561 1349 3618 in
1362 3563 1420 3619 loco
1434 3562 1492 3632 iiio,
1513 3563 1700 3622 douceaditue
1820 3556 1830 3565 ”

58 3653 113 3711 bei
135 3666 216 3709 suan
234 3667 397 3723 suorumque
417 3654 453 3708 ob
472 3655 585 3711 satutem
609 3654 658 3712 bas
675 3655 758 3725 dapes
778 3665 857 3712 terres
906 3655 939 3711 ad
954 3655 1055 3711 italiam
1071 3653 1243 3726 panderetur.

57 3740 191 3808 amnui,
212 3757 262 3798 nec
283 3756 394 3812 prorsus
414 3742 477 3799 aiibi
496 3746 613 3814 erenire,
636 3755 734 3816 prater
751 3762 786 3804 eo
803 3762 858 3818 quo
942 3745 988 3801 tii.
1015 3745 1118 3801 interea
1144 3744 1213 3801 inter
1234 3743 1448 3803 Tbeedcbertum
1461 3753 1490 3802 et
1502 3744 1700 3805 unenoerienu

57 3836 123 3905 ipae
137 3843 289 3890 moraretur
303 3834 331 3890 in
346 3835 416 3890 ioco.
430 3835 511 3892 tnbst
528 3852 593 3894 suos
608 3838 681 3906 prius
695 3848 785 3910 grates
799 3840 857 3895 iau·
906 3838 980 3908 pacis
992 3846 1097 3905 pscium
1112 3838 1309 3908 indrmatur,ac
1322 3839 1433 3909 natisque
1444 3837 1576 3895 adversus
1586 3839 1696 3897 iratrem

56 3926 168 3995 daque
181 3923 328 3994 rependere
340 3924 491 3992 Condiani,
505 3929 597 3996 sicque
611 3929 702 3985 abtum
717 3931 799 3998 dapes
812 3946 856 3985 ca·
907 3945 991 3998 usqrte
1013 3929 1046 3983 ad
1074 3930 1282 3985 internecionem
1306 3930 1428 3999 deserit,
1443 3928 1561 3998 utrisque
1575 3929 1696 4002 gentium

56 4030 139 4087 pere.
154 4014 273 4086 enon
286 4018 383 4071 mirum
397 4025 425 4072 et
442 4017 602 4086 stupendum
618 4021 773 4077 miracuium
789 4040 796 4076 ε
810 4036 856 4078 ca·
906 4018 1003 4074 robore
1020 4017 1251 4087 superbientibus:
1267 4027 1294 4073 et
1309 4018 1415 4073 interim
1428 4018 1469 4073 rir
1489 4018 1535 4074 bei
1560 4018 1593 4074 sd
1608 4019 1696 4075 Tiren-

55 4106 283 4179 giebantursres
303 4117 382 4177 prout
403 4108 489 4163 Patris
510 4110 650 4179 imperium
665 4112 791 4181 urgebat,
806 4128 856 4168 nec
905 4109 1044 4166 debertum
1068 4109 1180 4173 accedit,
1200 4122 1316 4177 eumque
1339 4109 1435 4163 suadet
1458 4115 1488 4164 ut
1508 4117 1604 4178 creptae
1617 4123 1694 4164 arro-

54 4198 210 4257 abacedere
235 4200 379 4272 pennigera
401 4200 462 4272 iuga
486 4202 647 4259 nitebantur.
674 4205 770 4260 bausit
790 4221 855 4277 erge
904 4201 1001 4271 gantiae
1015 4199 1183 4270 supereiiium
1197 4199 1354 4267 deponeret,
1369 4199 1695 4273 sequaciericnmiidert,

55 4294 156 4350 aiitsm
170 4307 266 4348 manna
279 4308 327 4361 per
341 4292 457 4349 triduum
468 4293 579 4359 didusa;
593 4303 688 4364 quarto
699 4296 795 4352 «tunde
809 4298 854 4354 die
904 4288 1076 4363 monacnum]
1101 4290 1210 4358 iaceret,
1231 4298 1260 4346 et
1286 4291 1313 4345 in
1333 4289 1460 4346 ecciesiae
1475 4290 1576 4360 positus
1589 4292 1694 4362 gremio

54 4383 171 4455 qnidam
186 4382 304 4450 pontiiet
318 4398 351 4439 es
367 4383 461 4440 ricinis
474 4385 583 4440 urbibus
596 4384 721 4442 immenti
737 4389 852 4456 copiam,
903 4402 987 4444 sacrae
1013 4386 1170 4443 subderetur
1196 4384 1328 4454 reiigioni,
1350 4398 1384 4441 ne
1403 4383 1480 4440 simui
1506 4398 1566 4440 cum
1595 4384 1694 4441 damino

53 4473 310 4529 dirinaadmouitus
320 4475 532 4543 aspirationem
544 4476 852 4535 beatumcoiumbanum
866 4481 894 4543 l)
907 4477 1044 4546 presentis
1065 4477 1150 4547 regni,
1167 4485 1274 4531 eternae
1287 4480 1422 4543 pateretur
1436 4473 1495 4529 ritae
1511 4471 1692 4544 dispendium.

54 4562 180 4629 diresit3
192 4561 240 4619 sed
252 4577 314 4618 mur
326 4563 501 4632 Omnipotens
514 4567 560 4637 qui
575 4569 712 4636 penuriam
727 4569 851 4638 patienti·
900 4569 977 4639 Quod
1002 4578 1029 4624 et
1041 4568 1096 4639 regi
1110 4577 1137 4623 et
1151 4566 1274 4622 omuibus
1285 4566 1534 4623 circumastantibus
1552 4565 1694 4623 ridiculum

55 4654 111 4711 iss
121 4653 239 4723 aligeros
250 4656 400 4724 prebuerat
410 4656 495 4719 cibos,
507 4665 535 4711 ut
546 4657 625 4714 turris
637 4658 719 4730 adeps
730 4661 848 4729 advenit,
900 4661 1042 4721 excitarit:
1069 4660 1175 4716 aiebant
1193 4659 1263 4713 enirn
1284 4674 1418 4726 uunquam
1433 4673 1464 4716 se
1476 4660 1593 4716 audiisse
1607 4659 1695 4716 liero-

54 4746 155 4801 aiitum
177 4745 322 4816 pbatanges
344 4748 485 4817 imperarit
506 4749 590 4806 abire.
614 4752 680 4807 ban
700 4754 850 4811 Eustasinm
901 4753 1021 4821 singem,
1036 4740 1354 4818 inregnosubiinstum
1371 4749 1552 4805 voluntarium
1565 4750 1692 4806 clericum

55 4836 112 4891 bec
123 4837 299 4907 cognorimus
310 4837 453 4907 referente,
467 4842 512 4909 qui
527 4856 560 4897 eo
573 4850 693 4912 tempore
705 4846 775 4901 inter
787 4848 852 4903 reii-
902 4844 998 4897 intime.
1012 4839 1212 4895 betestautibus
1223 4853 1287 4910 ergo
1300 4839 1424 4895 omnibus
1442 4840 1623 4898 Columbattus
1636 4843 1691 4897 ait:

54 4940 128 4999 qens
144 4926 197 4983 snb
216 4927 264 4982 riri
289 4928 334 4983 nsi
357 4927 507 4984 obedientia
528 4930 624 4986 itidem
646 4935 786 4990 tenebatur
803 4937 852 4992 sd-
902 4933 930 4991 si
947 4931 1113 4988 rnirrutarius
1126 4928 1277 4985 nuliatenus
1294 4930 1435 4987 eierimtus
1450 4931 1576 4988 bmrorem
1589 4943 1689 5000 sumat,

55 5017 244 5086 21⁸.un
260 5017 347 5073 nutius
360 5016 441 5084 tuerit
455 5017 481 5073 in
494 5031 610 5084 caterve,
621 5022 667 5091 qui
682 5035 745 5080 ante
758 5026 850 5082 tatium
902 5025 930 5079 iu
945 5024 1018 5078 breri
1033 5020 1146 5078 ctericus
1158 5021 1374 5080 inuitusesistet.
1390 5023 1436 5079 iiis
1453 5037 1518 5092 ergo
1535 5022 1624 5089 dictis,
1648 5023 1690 5079 nir

53 5118 157 5175 genera
172 5106 264 5162 abtum
279 5109 545 5166 sevidissereierret
561 5130 568 5167 ε
586 5118 850 5186 ettantussaporin
902 5117 949 5172 bet
971 5116 1004 5170 ad
1030 5113 1152 5170 cetiuiam
1175 5113 1272 5182 rediit,
1300 5129 1416 5181 moxque
1445 5115 1591 5185 prophetici
1622 5114 1689 5171 dicti

55 5194 122 5249 cibo
133 5195 241 5262 tdent,
258 5208 287 5254 ut
306 5203 393 5272 regiae
406 5201 490 5271 dapes
508 5203 635 5261 vinceret.
655 5207 678 5262 0
696 5210 792 5264 mirum
807 5211 850 5267 di·
900 5215 1024 5264 erentunt
1037 5220 1081 5262 rea
1092 5205 1193 5260 babuit.
1204 5205 1258 5262 Nec
1269 5221 1353 5272 mora,
1367 5205 1547 5263 Theodericus
1563 5206 1688 5264 Tbeode·

56 5284 129 5340 sisar
143 5289 270 5352 pomnbm
283 5289 402 5346 donumi
419 5292 525 5360 quando
538 5303 653 5352 terrene
665 5294 749 5367 dapes
761 5300 850 5356 cubo·
901 5300 1005 5355 bertum
1033 5300 1066 5353 ad
1088 5297 1187 5355 betium
1212 5299 1309 5370 coegit,
1338 5308 1365 5355 et
1386 5313 1468 5370 prope
1488 5299 1595 5356 tnttnn
1617 5301 1689 5358 bebo

55 5374 133 5430 mbas
147 5373 247 5433 Christi
262 5378 377 5448 neunt,
397 5390 460 5439 tunc
472 5382 579 5440 demum
594 5385 712 5441 eoelestia
729 5389 849 5444 tribuun-
900 5391 1034 5447 devictum
1049 5391 1121 5462 sugat
1131 5409 1139 5458 ;
1150 5400 1262 5462 postque
1272 5391 1384 5447 coiiecto
1396 5405 1491 5463 magno
1506 5392 1689 5450 roboreexer·

56 5474 113 5533 tur,
126 5464 198 5524 sieut
213 5468 248 5526 de
263 5468 343 5527 israet
356 5471 456 5528 dictum
470 5481 512 5531 est
526 5492 533 5529 :
549 5472 719 5532 Punemeoeii
732 5478 851 5535 dediscis
899 5483 968 5538 citus
991 5483 1168 5553 persequitur.
1192 5481 1278 5538 simili
1299 5480 1380 5538 modo
1401 5481 1520 5552 gentiam
1542 5485 1688 5543 moturum

91 5604 106 5634 ι
125 5596 205 5666 Apud
228 5599 396 5672 Anonpmum
423 5604 459 5657 ita
482 5603 598 5671 iegitur:
616 5625 626 5660 a
644 5608 694 5675 Qui
716 5609 786 5678 apud
802 5625 850 5667 eos
935 5623 950 5663 b
979 5615 1023 5672 Sic
1045 5631 1094 5670 ms.
1124 5614 1208 5669 Codd.
1233 5613 1328 5682 quibus
1352 5617 1394 5676 ttsi
1417 5632 1520 5676 turnus.
1546 5618 1581 5677 bt
1599 5630 1690 5680 umen

54 5663 173 5792 mitam
189 5683 310 5740 rocamr,
328 5671 415 5730 Latini
432 5682 522 5730 autem
536 5677 647 5737 iiartem
661 5679 737 5736 iiiutu
756 5682 849 5752 appst-
899 5686 993 5745 Suriua
1005 5687 1068 5758 tegit
1080 5685 1273 5756 iiapuoaiduru.
