3788 6126
137 275 188 332 567
754 283 782 338 S.
806 280 908 336 ueluti
927 277 1071 338 tloltult.
1089 279 1197 338 sulse.
1709 290 1766 350 {led

400 396 514 455 ctll'lli
532 394 649 451 llllllll.
932 392 1093 461 Aprustum
1119 396 1276 460 sensermt'.
1298 405 1329 453 ut
1348 412 1398 453 nec
1411 412 1522 456 morere
1537 400 1646 470 quirleru
1665 418 1682 459 a
1701 404 1767 465 leae

137 494 248 567 Sangala
264 506 297 548 sa
308 488 412 549 sasima
425 491 480 552 eius
494 489 571 559 desit
583 496 628 543 :et
640 502 733 557 corpur
753 489 810 557 ejas
823 499 918 555 aragne
972 483 1045 538 illurn
1056 495 1183 555 perseum
1196 485 1292 542 deiude
1302 487 1347 543 alii
1358 496 1439 558 atque
1450 489 1497 546 alii
1509 490 1625 551 uicissim
1636 495 1764 555 sibiatta·

375 559 667 632 Wd‘iissiiffll‘lm·
813 594 815 599 ⁴
970 576 1096 633 cedentes
1122 578 1187 634 nlbil
1219 580 1324 651 uspiam
1344 582 1491 652 praevalere
1516 593 1687 656 potueruut;
1713 606 1767 661 po-

168 675 250 732 Facto
262 682 354 731 autern
376 685 456 728 mane
473 669 600 726 convenit
624 668 717 737 ingens
740 666 768 721 in
790 664 920 736 oppidana
970 674 1071 722 strenuo
1085 668 1204 723 omnium
1215 669 1306 738 regina
1317 671 1459 738 madens,
1469 672 1583 744 ipsaque
1593 692 1686 746 perse
1699 695 1767 751 pra-

132 766 272 837 utriusque
295 778 376 821 sexus
399 761 558 827 multitud03
574 759 659 814 adluit
676 758 759 814 etiam
779 766 808 812 et
826 756 918 825 regina
970 758 1035 815 bare
1050 761 1154 827 rolens,
1170 761 1240 818 ulnis
1251 763 1354 820 exertis
1367 779 1400 821 ac
1413 765 1591 824 rebrachiatis
1605 771 1689 841 erepit
1702 772 1766 843 pul·

133 858 262 915 llatlrildis
286 872 348 914 cunr
373 855 452 923 liliis,
478 861 506 911 ct
532 853 723 924 optimatibus.
746 849 921 918 exercituque
969 865 1032 906 sare
1046 850 1290 910 eelunmnleretri
1304 856 1629 928 cornuralerctmosere,
1643 878 1765 935 certaque

122 955 257 1027 copioso:
272 968 333 1025 quar
347 953 477 1010 uelociter
490 949 619 1022 oppidum
631 948 763 1017 ingressa,
783 943 919 1013 celerique
969 943 1036 998 totis
1062 943 1164 1000 rirlbue
1186 946 1275 1002 nitens
1301 945 1439 1003 inhianter
1460 959 1605 1020 pugnaret,
1632 962 1662 1010 et
1681 955 1765 1026 quasi

45 1100 48 1105 .
129 1060 211 1102 romu
222 1043 308 1101 lenem
318 1056 471 1106 accurrens,
481 1038 582 1109 ingenti
594 1051 662 1094 roca
673 1036 701 1091 ln
716 1035 807 1091 ilatum
818 1048 920 1104 proru-
969 1042 1089 1093 montera
1102 1033 1208 1090 inertem
1222 1037 1428 1107 pulsaresniuit
1442 1055 1553 1111 prorant
1565 1041 1699 1114 prolicere
1712 1060 1765 1117 pa·

129 1137 187 1209 pia,
207 1137 314 1206 plorans
327 1143 408 1204 atque
419 1132 523 1203 ejulans
537 1128 608 1201 quod
627 1144 688 1185 eum
704 1128 794 1185 rivom
808 1126 918 1182 minime
969 1125 1043 1180 tuit:
1071 1133 1135 1181 tunc
1147 1139 1212 1197 ergo
1230 1142 1360 1185 censam
1375 1128 1410 1184 ad
1432 1129 1587 1201 optimates,
1600 1134 1640 1191 ait
1659 1150 1668 1188 s
1690 1132 1764 1193 Eae·

129 1226 274 1298 reperisset
294 1241 300 1279 :
326 1238 442 1294 cernique
462 1221 611 1277 diutissime
634 1217 735 1275 leretro
761 1218 919 1272 incontinent
967 1212 1023 1283 jam
1040 1213 1141 1284 liquide
1158 1216 1348 1285 cognoscimus
1371 1232 1424 1274 non
1444 1234 1505 1275 cese
1524 1220 1673 1278 voluntatis
1689 1222 1762 1293 eim,

129 1320 246 1374 lamenta
260 1316 421 1387 geminaret,
441 1321 520 1384 rogat
534 1311 641 1369 interim
659 1310 804 1382 preparari
821 1322 918 1378 quem·
969 1314 1000 1361 ut
1015 1320 1076 1361 eum
1091 1306 1156 1362 alibi
1176 1306 1305 1377 ieramus,
1323 1309 1504 1368 concedamus
1516 1312 1598 1381 igitur
1610 1314 1675 1370 lruic
1688 1315 1764 1386 plebi

129 1411 273 1467 admodum
296 1423 395 1482 corpus
416 1407 489 1464 beati
513 1407 564 1464 siri
584 1405 618 1461 ad
637 1404 702 1460 Cala
726 1403 918 1459 monasterium
968 1397 1012 1453 rei
1026 1398 1112 1464 inulti,
1137 1400 1209 1470 qnod
1222 1401 1352 1458 bactensis
1365 1401 1505 1460 noluimus
1517 1405 1675 1463 voluntarii.
1695 1404 1760 1463 ets·

128 1516 206 1558 suum
218 1499 391 1567 transferrem
410 1497 458 1555 scd
475 1512 537 1554 cunt
556 1495 686 1553 valuisset
698 1509 761 1550 eom
775 1492 875 1558 leuare,
890 1499 919 1547 ct
967 1488 1025 1545 cuit
1036 1497 1126 1547 autem
1149 1490 1203 1547 boe
1223 1492 1367 1548 consilium
1389 1495 1504 1562 cuneus,
1528 1504 1558 1552 rt
1579 1495 1763 1555 domem

128 1608 182 1647 nun
198 1590 379 1661 prevaluisset
395 1602 429 1644 ex
440 1588 502 1644 loco
516 1599 641 1647 morere,
659 1585 743 1641 tristis
757 1582 792 1639 ad
807 1582 918 1639 modum
968 1592 1030 1634 cum
1044 1593 1139 1637 omnes
1151 1598 1207 1638 uno
1221 1597 1269 1639 ore
1284 1583 1310 1639 in
1331 1584 1426 1641 eudem
1448 1586 1549 1657 oppido
1561 1587 1679 1658 sepeliri.
1705 1589 1763 1647 lta-

127 1680 233 1749 edecta,
252 1679 349 1735 indixit
370 1677 492 1735 cesluim
514 1676 667 1732 triduanum
689 1674 819 1745 jejunium
844 1671 918 1729 cele·
968 1671 1442 1742 quapostbancdelinitiouerucuru
1453 1678 1687 1739 rursusleretrum
1700 1680 1763 1741 aab.

126 1774 207 1828 baare
220 1787 282 1828 cum
304 1771 422 1827 silentio.
446 1767 524 1836 Quod
541 1783 602 1824 cum
625 1766 713 1834 lieret,
733 1766 790 1836 ipsa
810 1780 917 1836 quoque
933 1743 1059 1815 Blatere
1074 1772 1298 1840 emmeramme
1310 1782 1374 1849 mos
1387 1767 1527 1827 celeritate
1539 1770 1684 1843 levigatum
1696 1775 1764 1833 stab-

126 1876 188 1918 cum
202 1861 375 1932 optimatibus
392 1860 450 1917 suis
464 1860 619 1931 pariterque
635 1873 697 1915 eum
717 1858 791 1913 ciero
812 1857 918 1913 inhian—
968 1852 1140 1926 levatumque
1152 1864 1209 1922 est,
1229 1868 1259 1913 ut
1273 1858 1350 1916 lacile
1361 1860 1418 1930 J'atu
1438 1876 1454 1917 a
1476 1861 1582 1920 duobus
1594 1873 1761 1935 portaretur,

126 1966 168 2012 ter
190 1956 352 2028 persistens,
378 1954 561 2033 indesinenter
579 1967 629 2023 per
647 1951 713 2007 illud
730 1950 846 2007 triduum
869 1965 918 2007 es·
968 1945 1015 2015 qui
1035 1955 1100 2002 ante
1119 1947 1215 2005 boram
1235 1964 1286 2006 uec
1306 1966 1322 2004 a
1344 1951 1466 2021 pluribus
1488 1955 1648 2011 morcbmur
1663 1974 1670 2010 :
1685 1954 1763 2028 qaod

125 2048 210 2104 rubiae
231 2048 373 2105 celebrate
393 2055 465 2104 sont.
487 2045 555 2101 lium
578 2044 637 2100 baec
658 2043 740 2112 igitur
762 2050 917 2111 agerentur,
967 2037 1126 2094 miraculum
1154 2039 1227 2095 circs
1250 2055 1311 2097 cum
1335 2044 1430 2112 regina
1454 2053 1619 2113 cernentes,
1644 2046 1763 2116 gloriam

126 2139 183 2208 ipsa
198 2137 358 2194 uenerabilis
377 2137 469 2207 regina
490 2134 570 2192 nintis
586 2131 792 2190 intolerabiliter
811 2131 916 2201 lugens,
968 2128 1074 2184 bomini
1086 2130 1300 2198 magnificabant,
1315 2132 1437 2190 dicentes
1451 2153 1459 2190 ε
1474 2136 1568 2205 blegne
1580 2132 1760 2195 et'mirabil'u

125 2231 200 2285 nullo
221 2241 320 2300 genere
340 2227 435 2283 abetu
456 2225 583 2282 cohibere
603 2238 634 2280 se
652 2229 775 2293 poteram
801 2220 918 2289 denique
967 2232 1120 2292 operatua,
1137 2224 1402 2285 boraineuirtutum.
1423 2227 1467 2293 lit,
1492 2229 1622 2288 biirebllie
1634 2244 1668 2287 aa
1687 2227 1763 2291 bau

126 2334 234 2376 eumer
249 2319 331 2375 nirulo
345 2319 439 2375 dolore
452 2315 601 2372 absentiam
615 2313 701 2370 sancti
715 2311 765 2367 uiri
779 2311 850 2367 lerre
863 2326 918 2367 non
968 2310 996 2367 iu
1010 2312 1110 2369 sanctie
1125 2312 1189 2370 tuis.

124 2420 232 2482 posset,
249 2411 358 2466 tandem
373 2418 404 2465 et
422 2407 558 2465 desiderio
578 2421 628 2463 eoo
642 2405 826 2468 satisfaceret,
840 2416 918 2459 rere·
986 2404 988 2408 '
1239 2383 1352 2444 CAPUT
1370 2386 1502 2445 xxm·
1642 2478 1644 2482 y

126 2501 248 2572 lataelus
264 2499 372 2556 iaciein
385 2498 498 2568 lugubre
514 2497 636 2554 osculum
653 2509 744 2560 ruens,
759 2494 843 2566 coepit
861 2507 918 2548 ma·
1032 2524 1035 2528 ι
1069 2476 1170 2549 Pompa
1184 2479 1283 2551 smmi
1296 2479 1470 2551 ‘tuatim‘
1484 2480 1662 2540 &militellu-

126 2609 176 2649 trus
186 2604 332 2664 pectusque
350 2591 489 2654 lambere.
508 2605 541 2646 ac
553 2602 636 2661 genas
649 2589 762 2660 copioso
781 2588 918 2660 laeryma-
1003 2588 1106 2646 Deinde
1118 2589 1174 2660 jam
1189 2606 1250 2647 cum
1264 2591 1417 2650 deiceretur
1427 2609 1527 2667 cerpus
1544 2595 1580 2652 ad
1591 2594 1763 2668 scpulmra,

125 2700 186 2740 rum
209 2684 295 2740 irnbre
317 2683 477 2755 pertundere
492 2700 499 2737 :
515 2690 543 2739 et
556 2696 622 2739 ecce
641 2691 754 2753 repente
767 2680 835 2737 dum
852 2695 917 2736 san·
967 2688 1025 2736 tote
1037 2695 1107 2752 pene
1120 2682 1216 2740 civitas
1225 2684 1316 2741 ruitin
1327 2685 1459 2756 obsequio
1472 2684 1573 2754 luseris
1586 2702 1649 2743 curn
1663 2686 1761 2756 luctu

125 2782 198 2829 ‹tunr
218 2788 317 2844 corpus
341 2773 502 2831 exosculans
522 2773 654 2845 palparet,
680 2772 837 2828 miraculum
863 2786 917 2828 non
968 2788 1031 2829 nam
1051 2787 1079 2831 et
1101 2776 1193 2846 regina
1212 2777 1322 2846 deuota,
1337 2793 1399 2835 eunt
1423 2787 1497 2836 esset
1519 2778 1616 2836 biemis
1637 2788 1764 2852 tmpore

125 2863 258 2920 silendum
281 2859 352 2922 illico
383 2864 507 2934 contigit.
541 2865 609 2919 liam
635 2878 697 2918 cunr
722 2870 796 2919 esset
821 2862 918 2919 biemis
968 2866 1048 2935 palus
1062 2865 1203 2934 immensa,
1218 2868 1372 2925 nullatenus
1385 2868 1493 2925 suaderi
1507 2871 1616 2940 potuit,
1635 2878 1667 2926 ut
1680 2870 1762 2929 rebi-

125 2963 232 3026 tempus
243 2997 252 3025 ‚
265 2963 294 3011 et
313 2955 478 3028 carpasium
499 2954 600 3010 dudum
614 2961 751 3009 mortuum
771 2952 917 3009 decumbe·
967 2955 1029 3012 culo
1044 2963 1167 3013 uteretur
1179 2957 1262 3028 equi,
1281 2958 1329 3015 setl
1343 2959 1462 3029 pedestri
1475 2968 1504 3017 et
1517 2960 1594 3029 graui
1606 2960 1703 3017 labere
1713 2975 1762 3019 aa·

125 3046 311 3117 mageddom,
326 3046 437 3102 fortuitu
450 3044 521 3101 unda
536 3043 673 3113 sanguinis
693 3057 728 3100 es
748 3044 858 3100 naribus
872 3042 916 3113 ja·
968 3052 1058 3119 qnsns'
1074 3048 1202 3104 leretmm
1216 3063 1266 3119 per
1280 3051 1404 3119 paludem
1419 3049 1537 3108 bncnta
1551 3051 1682 3107 corbana
1695 3066 1760 3111 cau

125 3139 211 3194 centis
224 3138 378 3209 proluens,
394 3129 478 3206 c'oepit
490 3136 607 3192 ubertim
621 3148 704 3206 genas
716 3135 803 3190 sancti
817 3136 915 3204 rigare,
968 3140 1042 3197 omni
1065 3139 1187 3197 sociabat
1208 3137 1319 3196 lumilia.
1343 3136 1366 3195 0
1386 3150 1504 3210 quantus
1521 3141 1611 3198 luctus
1623 3141 1762 3211 ensium.

124 3228 197 3298 quod
210 3228 333 3285 videlicet
343 3227 541 3297 conspicientes
555 3225 675 3296 episcopi
688 3230 718 3280 et
730 3224 824 3295 regius
838 3224 916 3280 (ibri-
966 3239 1083 3301 quantus
1096 3232 1230 3302 precipue
1243 3233 1438 3288 utonacborum
1457 3234 1536 3289 uetus
1552 3241 1582 3313 et
1594 3248 1762 3304 paaperu,

124 3320 297 3389 stianisstnra‚
324 3318 468 3375 coniestim
486 3316 633 3390 suppositis
654 3314 720 3376 biue
743 3317 807 3373 inde
829 3325 843 3355 ¹
862 3315 916 3372 bil·
966 3322 1013 3390 qui
1025 3336 1060 3378 eu
1072 3323 1116 3377 die
1130 3321 1166 3376 ibi
1178 3321 1383 3388 conduxerant,
1406 3337 1455 3394 per
1468 3324 1570 3394 malem
1582 3338 1683 3381 omres
1695 3338 1761 3396 pn-

124 3410 175 3466 icis
196 3410 287 3466 liuteis
307 3424 411 3466 summa
425 3424 487 3467 cum
506 3409 644 3478 diligentia
658 3421 799 3478 quousque
818 3417 916 3480 sponte
966 3411 1137 3482 strepebant!
1163 3410 1245 3467 Cbori
1258 3412 1391 3482 siquidem
1405 3413 1575 3483 psallentiruu
1590 3412 1762 3487 lacrymam

124 3502 262 3567 decrerit,
287 3503 445 3571 sanguinem
472 3501 659 3571 collegerunt,
685 3516 718 3557 ac
742 3516 793 3573 pro
816 3516 915 3574 magno
965 3504 1114 3560 reddebant
1135 3518 1237 3572 voces,
1258 3513 1356 3560 casatus
1369 3513 1398 3560 et
1410 3506 1519 3575 agmina
1533 3505 1654 3563 beatiam
1676 3506 1760 3578 lag*

54 3627 57 3631 -
125 3608 237 3649 munere
250 3592 413 3650 serrandum
426 3590 553 3664 deinceps
570 3592 599 3649 in
617 3592 774 3665 pignoribus
787 3606 915 3664 segrega·
965 3595 1029 3650 bres
1040 3596 1191 3651 reboabant
1211 3596 1237 3650 in
1256 3609 1321 3650 aere
1333 3594 1428 3661 lletus;
1454 3611 1561 3651 omnem
1579 3595 1760 3667 populasse-

73 3735 78 3745 ,
124 3693 198 3740 rent.
964 3684 1026 3740 bent
1039 3685 1178 3753 quatiebat
1191 3684 1345 3755 gemitibus,
1365 3683 1523 3756 celsumque
1532 3686 1640 3743 culmen
1651 3687 1762 3760 olympi
1795 3723 1798 3728 -

160 3774 276 3841 intem,
296 3781 326 3827 ut
344 3771 502 3844 praedictum
518 3782 570 3840 est,
589 3773 826 3845 ieiunioerpleto,
839 3787 914 3831 sata·
965 3774 1128 3846 implebatur
1163 3774 1356 3846 plangoribus,
1388 3784 1518 3832 accentus
1546 3775 1761 3847 antiphonaru-

125 3865 206 3932 gcbat
230 3863 392 3919 onrniruodie
415 3863 507 3933 regina
526 3871 557 3919 ut
577 3878 688 3935 quoquo
712 3865 793 3921 morlo
816 3880 916 3938 corpus
965 3864 1146 3935 concrepabat
1173 3865 1201 3920 in
1224 3865 1320 3930 eboro,
1345 3873 1374 3921 et
1396 3866 1485 3923 luctus
1502 3865 1761 3937 noviomagensi-n

125 3955 210 4012 sancti
231 3956 282 4011 siri
297 3956 323 4012 in
339 3954 404 4010 Gala
424 3956 617 4012 monesterium
637 3971 716 4013 suum
734 3958 912 4027 transferrem
964 3955 1110 4011 resonabat
1132 3955 1164 4011 in
1188 3955 1270 4024 cralo,
1293 3954 1419 4012 lupercus
1437 3963 1535 4015 centus
1551 3971 1646 4014 omnes
1660 3958 1763 4017 redde·

125 4055 248 4102 econtra
265 4045 316 4101 alia
327 4061 390 4117 pars
408 4047 559 4103 conabatur
567 4060 628 4103 eum
642 4044 761 4105 Parisios
774 4048 914 4108 civitatem
964 4046 1030 4102 bant
1054 4046 1187 4113 emuniter,
1208 4047 1325 4103 ”liliam
1346 4046 1422 4104 diiii!
1445 4056 1557 4105 01111οΜ
1573 4047 1763 4119 utimum

125 4137 246 4205 delerre;
270 4138 391 4209 utrisque
414 4146 504 4193 umen
528 4137 694 4194 obsistebant
715 4141 789 4196 cives
815 4138 916 4197 Nouis-
964 4140 1046 4207 mdes,
1061 4139 1165 4210 eiulans
1178 4139 1344 4210 populositas
1353 4139 1442 4196 omuis
1458 4154 1490 4196 se
1503 4138 1671 4210 lademtper
1683 4140 1762 4201 orbi-

124 4244 275 4299 magonem,
289 4229 465 4299 justissimam
480 4230 531 4285 tibi
541 4229 723 4287 hereditatem
739 4232 858 4288 membra
872 4233 916 4289 sui
965 4240 1016 4298 tar,
1039 4229 1227 4304 debilibusque
1250 4245 1333 4300 rages
1356 4230 1504 4299 inplebant
1528 4229 1642 4289 recites
1661 4245 1759 4289 auru.

125 4321 253 4376 antistitis
276 4321 453 4376 vindicantes.
484 4320 540 4376 lloc
559 4320 641 4390 igitur
660 4321 744 4379 modo
764 4331 824 4379 erat
844 4324 916 4380 luter
964 4321 1023 4378 ‘lall
1036 4335 1134 4392 porupa
1143 4321 1259 4376 uallatus
1268 4320 1405 4377 eminebat
1417 4328 1510 4392 pastor
1523 4320 1693 4387 subactam
1708 4322 1762 4379 tali

125 4426 174 4466 eos
185 4410 336 4475 altercatio,
350 4411 395 4481 pia
405 4411 525 4466 uicissim
539 4410 683 4468 devotione
694 4426 746 4484 pro
759 4421 854 4471 sancta
866 4428 913 4472 ra·
964 4413 1145 4480 uouedpatum
1166 4418 1274 4467 eatema
1294 4426 1395 4481 corpus
1417 4410 1555 4468 terebatur
1573 4410 1607 4468 ad
1623 4414 1759 4470 tunrbara.

125 4504 188 4572 pina
202 4502 382 4564 decertantes,
399 4502 509 4573 quinam
520 4501 620 4572 iustius
631 4504 691 4574 eius
705 4514 855 4561 mereretur
866 4521 912 4564 re·
924 4464 953 4531 n
967 4504 1037 4561 ilinc
1058 4511 1189 4575 preterca
1203 4501 1279 4559 ebori
1300 4501 1488 4573 precedebant
1498 4504 1665 4572 mentium,
1680 4504 1760 4563 iube

124 4593 221 4663 liquias
233 4591 439 4662 acsepulturam
451 4591 607 4663 possidere:
622 4593 672 4651 setl
683 4610 744 4651 curu
759 4598 877 4669 episenpi
887 4609 916 4655 et
967 4598 1073 4668 agmina
1088 4595 1205 4667 plebium
1228 4595 1421 4652 continuabant
1440 4596 1569 4667 eiulatum
1585 4615 1591 4650 :
1607 4606 1715 4668 patrem
1726 4613 1760 4655 sc

126 4682 327 4752 praestantiores
348 4684 448 4755 quippe
461 4686 508 4754 qni
521 4683 653 4752 aderant,
677 4689 800 4757 partibus
812 4692 913 4760 regine
966 4705 994 4753 et
1012 4688 1156 4749 nutricium
1181 4686 1293 4757 perdere
1316 4700 1412 4742 omnes
1434 4687 1598 4752 clamabunt.
1624 4697 1654 4744 et
1680 4688 1758 4747 iuter

126 4776 258 4841 laterent,
274 4770 356 4846 atqu'c
369 4777 402 4831 ad
416 4777 476 4845 eius
488 4790 551 4832 eum
564 4779 757 4834 monasterium
771 4780 914 4839 serendum
966 4777 1265 4857 quatientes-singultus
1275 4775 1320 4831 ris
1332 4775 1391 4830 brec
1403 4774 1486 4831 uerba
1501 4777 1680 4846 promebant:
1695 4778 1758 4844 Cui,

125 4869 323 4936 decernerent,
337 4879 394 4923 orta
410 4877 452 4925 est
465 4869 559 4940 iurgans
570 4870 729 4928 uociferatio
741 4880 770 4929 et
784 4874 913 4933 tumultus
966 4872 1150 4946 perturbatio,
1172 4866 1332 4923 mmm
1351 4866 1500 4923 “imbibi
1513 4865 1619 4937 illm
1631 4905 1640 4934 r
1653 4868 1701 4936 uel
1711 4870 1760 4925 mi

126 4970 239 5026 irruguus
264 4959 299 5012 ab
323 4960 448 5015 universa
472 4960 553 5030 plebe
584 4960 808 5033 Noviomagense.
837 4965 914 5025 Tune
965 4959 1114 5033 pro-cautis
1123 4957 1212 5029 gregis
1225 4956 1411 5013 trediscuram
1427 4957 1759 5030 pasturisllliiligbdul·

126 5048 219 5117 regins
242 5050 410 5119 prudentiori
432 5051 547 5108 consilio
568 5064 668 5122 utens,
687 5063 716 5110 et
739 5056 841 5127 iudicio
866 5058 916 5117 bei
960 5054 1035 5126 ,esde
1049 5062 1250 5123 tupauperum
1272 5047 1553 5115 f⁰rliil¹d⁰delti¹ittm.
1576 5059 1605 5107 tu
1618 5063 1761 5122 pluteum

126 5139 441 5209 omnipotentiseausam
461 5145 724 5207 committerentur
744 5148 916 5221 seponantur
968 5159 996 5209 et
1021 5150 1108 5220 lmpar
1127 5144 1264 5214 egentium
1289 5143 1452 5201 musabum
1475 5144 1541 5212 Quis
1564 5144 1621 5213 jan
1641 5155 1706 5216 pust
1730 5156 1761 5203 te

124 5232 180 5302 jam
204 5230 331 5298 ambages
352 5232 504 5298 uerborum,
518 5243 545 5289 et
565 5236 588 5289 sl
608 5244 650 5290 est
669 5236 774 5292 bomini
789 5240 915 5301 veluntas
969 5245 1170 5313 elemeosymu
1189 5237 1258 5293 sicut
1276 5245 1305 5292 tu
1320 5236 1523 5306 dabitlargam;
1537 5237 1580 5293 rel
1594 5240 1654 5308 quis
1667 5248 1758 5304 nostri

127 5328 174 5376 aut
194 5322 279 5377 sancti
304 5321 394 5392 liuius,
419 5332 450 5376 ut
472 5323 535 5379 illuc
553 5334 598 5380 eat
610 5339 665 5394 quo
677 5337 728 5396 ego
742 5326 831 5397 cupio,
857 5331 917 5390 elne
969 5335 1023 5393 erit
1044 5337 1182 5405 protector
1201 5328 1272 5384 sicut
1293 5336 1332 5395 tu,
1356 5327 1428 5384 botre
1453 5330 1569 5398 pastori
1586 5332 1651 5398 Quis
1664 5343 1758 5393 tecum

127 5413 182 5467 ulla
195 5413 250 5482 mm
262 5412 392 5469 dilatione
403 5411 516 5478 leretur,
529 5414 570 5469 sin
582 5429 648 5471 acro
663 5415 746 5484 allas,
759 5417 841 5474 morlo
852 5434 916 5490 pru·
967 5427 1068 5499 pariter
1081 5422 1192 5479 interire
1214 5420 1291 5475 robis
1317 5418 1417 5475 tribuat
1430 5419 1521 5487 lrotlie,
1539 5432 1667 5494 musque
1679 5440 1759 5483 reare

128 5505 260 5563 bebimus.
284 5504 349 5562 Post
362 5506 419 5562 buc
433 5506 513 5563 rerba
526 5518 588 5562 cum
606 5508 785 5565 accessissent
797 5508 831 5564 ad
844 5510 915 5570 lere-
967 5514 1071 5574 dulcior
1091 5528 1173 5585 quam
1195 5520 1240 5566 tua
1259 5513 1400 5580 prasentia
1419 5514 1536 5569 ueremi
1561 5513 1757 5587 liujuscernntt

130 5603 216 5662 trum,
237 5605 265 5653 et
279 5605 414 5653 tentarent
429 5612 491 5653 eum
504 5597 613 5665 lavare,
633 5605 710 5653 tauto
726 5598 847 5669 pondere
867 5601 915 5659 de
968 5618 1046 5676 ergo,
1066 5618 1129 5661 cum
1152 5609 1301 5673 properant
1321 5601 1357 5656 ad
1379 5601 1543 5674 sepulcrum,
1556 5618 1654 5663 omues
1674 5606 1761 5667 sinai

171 5730 285 5791 tliilteis
298 5732 393 5791 linteis.
406 5732 508 5804 liitlcis,
523 5736 560 5792 ait
573 5735 715 5806 tlcberius,
725 5732 754 5793 id
766 5743 820 5808 eet,
829 5733 918 5806 sigillo
932 5735 1023 5813 aliquo
1032 5736 1169 5815 impressis
1180 5744 1228 5795 aut
1239 5734 1401 5795 damasceno
1413 5750 1497 5808 opere
1505 5736 1629 5809 signetis.
