3788 6126
122 349 165 409 lid
706 307 887 412 butcohttt
908 354 1152 412 huxnuttuttott.

129 484 1741 525 w

259 605 1594 770 'DRACONTWHEXAEMERON

370 819 376 829 ’
454 842 480 901 ιι
501 837 656 901 sunere
679 837 853 900 uueuuto
874 838 985 901 russo
1006 841 1122 903 tauers
1142 842 1404 906 nuuuosrou.

198 1077 211 1119 ⁶
229 1073 408 1154 anth
426 1071 639 1153 udehhtt
667 1069 919 1149 uptsTouu
944 1076 1010 1152 ab
1028 1077 1459 1160 edittbhsvtitTtJth
1473 1084 1659 1165 Rudent.

168 1273 270 1345 lolem,
288 1269 407 1340 glorioso
432 1282 523 1324 rernm
551 1268 662 1323 demine
682 1267 896 1336 chindasvinto.
913 1279 935 1332 A
951 1282 994 1329 tur
1007 1273 1113 1341 doctos,
1133 1282 1181 1329 aut
1204 1275 1335 1332 doceatur
1349 1275 1488 1336 indoctus.
1503 1277 1538 1334 lit
1555 1283 1683 1350 quonlam
1704 1287 1740 1343 de

145 1363 340 1434 pnudpisumure
352 1368 381 1415 et
394 1359 513 1415 maximo
525 1371 629 1427 regum,
645 1356 779 1427 diogenius
795 1370 899 1418 uestro·
955 1364 999 1421 die
1011 1366 1125 1434 septimo
1139 1366 1266 1437 predatus
1276 1376 1370 1426 auctm
1381 1371 1492 1428 omnine
1504 1372 1622 1445 reticuit,
1635 1390 1740 1434 sernum

145 1470 188 1508 rous
197 1451 300 1508 ttetirun
309 1449 442 1506 servulos.
955 1455 1020 1509 nrihi
1032 1456 1189 1525 opusculum
1200 1458 1351 1523 uidebatur,
1363 1460 1385 1515 si
1396 1476 1451 1517 non
1462 1460 1524 1518 iude
1533 1464 1634 1535 aliquid
1647 1466 1674 1521 lu
1689 1471 1741 1526 hoe

169 1541 298 1596 Clementiae
322 1530 419 1595 vestre
449 1535 545 1606 jussis,
564 1539 736 1593 serenissime
759 1538 896 1609 princeps.
952 1542 1081 1601 codiculo
1096 1547 1249 1603 haberetur.
1269 1549 1371 1605 idcirco
1394 1551 1421 1605 in
1437 1550 1490 1608 dne
1504 1552 1597 1622 libelli,
1618 1558 1743 1626 quamuis

143 1630 188 1699 plus
204 1630 309 1687 rubedo
328 1628 484 1685 deserviens
503 1642 584 1698 quam
609 1626 735 1694 valendo,
763 1628 898 1685 dracontii
952 1634 1068 1703 pedestri
1081 1651 1216 1701 sermone,
1230 1652 1279 1693 sex
1300 1638 1404 1695 dierum
1418 1642 1666 1712 recapitulationem
1686 1646 1741 1702 sin-

143 1718 248 1788 niutan
269 1717 376 1774 libellos
390 1716 481 1772 multis
497 1713 510 1754 ‘¹
528 1716 622 1771 uidens
643 1717 780 1772 erroribus
793 1718 898 1775 inuelu·
953 1723 1023 1792 gulis
1034 1725 1184 1792 uersiculis,
1198 1743 1266 1797 quos
1281 1728 1345 1784 oiim
1357 1731 1477 1796 condidi,
1491 1730 1628 1799 denotari,
1648 1733 1682 1789 de
1696 1735 1740 1791 die

143 1817 183 1874 ¹⁰¹.
190 1808 283 1864 (ἶῐιῐὶίῑθ
290 1806 405 1862 Domino
417 1805 551 1862 tribuente
561 1804 693 1874 valerent,
708 1820 758 1876 pro
768 1809 900 1864 tenuitate
951 1830 1016 1869 uero
1033 1816 1148 1886 septimo
1168 1832 1228 1886 qum
1250 1818 1305 1874 risa
1324 1829 1386 1874 sunt
1399 1819 1511 1876 dicende
1534 1820 1677 1888 subnexui,
1692 1822 1741 1878 de-

141 1901 275 1956 meisensuli
297 1898 463 1956 subcorrexi.
478 1896 546 1964 iloe,
562 1897 698 1966 videlicet,
713 1898 899 1954 moderamine
951 1915 1108 1974 cretumque
1120 1904 1217 1972 divale,
1228 1923 1260 1964 ac
1273 1908 1297 1963 si
1311 1918 1401 1963 neunt
1411 1908 1493 1976 uolui,
1504 1910 1659 1967 uelutsalui
1669 1926 1738 1969 eeu·

140 1991 252 2058 mundio,
272 2004 327 2061 qum
345 1988 480 2061 superflua
498 1988 646 2054 demerem,
672 1987 820 2058 semiplena
838 2005 900 2059 sup·
950 1995 1091 2051 summani.
1107 1995 1255 2066 implorans
1270 1998 1423 2054 uestrisolii
1436 1997 1668 2068 praelargissimam
1679 2002 1739 2073 pie·

140 2079 224 2150 plerum
241 2081 322 2136 iraeta
350 2076 562 2145 constabilirem,
584 2085 612 2132 et
629 2088 641 2114 ι
668 2076 764 2132 crebre
784 2077 899 2148 repetita
951 2090 1045 2148 tatem,
1059 2094 1087 2138 ut
1101 2084 1153 2140 uile
1165 2085 1265 2141 seruoli
1280 2086 1365 2142 tidelis
1379 2086 1499 2142 oblatum
1514 2096 1601 2143 restra
1615 2089 1665 2144 sibi
1677 2092 1738 2159 gie·

140 2182 253 2229 urtamm.
267 2169 401 2227 versiculi
415 2184 491 2236 sane,
505 2185 574 2240 quos
588 2169 651 2226 huie
663 2168 741 2239 operi
754 2169 899 2226 detrahen·
952 2171 993 2226 ria
1009 2170 1117 2228 eiileere
1135 2173 1260 2243 dignetur
1274 2182 1424 2246 acceptum,
1441 2174 1540 2244 datque
1553 2175 1619 2231 mihi
1639 2176 1740 2257 misero

139 2260 176 2316 des
185 2275 234 2317 esse
242 2260 343 2332 putari,
357 2268 475 2315 etseusu
487 2258 582 2330 tepidi,
596 2265 624 2315 et
643 2259 733 2316 uerbis
746 2260 856 2331 illepidi,
871 2269 900 2317 et
951 2264 1076 2334 repensio
1091 2263 1226 2321 t'ruetuesa
1245 2264 1354 2333 laboris,
1376 2263 1479 2334 placida
1503 2273 1640 2336 respectus
1655 2269 1738 2325 tesbi

138 2349 191 2404 nulla
201 2350 342 2420 probantur
363 2350 469 2405 ratione
482 2349 609 2415 subnixi3
624 2363 675 2406 nee
693 2350 721 2406 iu
733 2346 777 2407 'eis
800 2349 900 2422 aliquid
952 2354 1114 2411 contributio
1125 2356 1217 2425 gratiae
1230 2356 1270 2411 uel
1283 2355 1392 2411 laveris.

138 2442 305 2512 teneriorque
315 2443 540 2501 lectorisanitnos
552 2442 700 2511 animetur,
715 2452 762 2498 aut
775 2444 896 2499 muleea-
914 2479 937 2538 B
1058 2482 1068 2491 -

163 2570 309 2628 ‘lucentii
336 2570 586 2654 ilexaemeronjam
608 2572 674 2630 elim
696 2573 824 2656 intumo
852 2573 900 2656 ish
951 2573 998 2656 siis
1020 2588 1092 2656 anne
1107 2572 1185 2637 leto,
1203 2574 1229 2628 in
1243 2572 1285 2636 8⁰,
1301 2587 1365 2654 eura
1383 2581 1411 2628 et
1424 2573 1514 2630 studio
1536 2573 1568 2630 il.
1589 2572 1619 2652 R.
1642 2571 1733 2652 laeebl

137 2642 900 2781 mechilde‘teuthbaldus‘ltt‘h
950 2643 1734 2792 i*ltiliiihtiiidildhii,hiltiberti

136 2777 199 2832 luen
212 2795 294 2851 osque
305 2780 433 2837 decurrit.
447 2781 499 2836 Sed
509 2780 572 2851 quia
588 2780 623 2836 ibi
638 2782 840 2838 emendationes
856 2783 900 2837 ad·
987 2780 1075 2836 educ
1089 2781 1201 2850 epistola
1215 2779 1325 2849 hugenit
1340 2781 1365 2835 in
1379 2781 1479 2836 Codice
1495 2788 1587 2836 suestre
1601 2778 1733 2834 Teletarro
1849 2798 1857 2809 ·

135 2845 280 2918 ditioresque
303 2850 389 2906 saneti
404 2847 515 2918 Eugenii
537 2851 651 2920 sparsim
666 2860 782 2918 tantum,
797 2853 854 2907 sire
872 2852 899 2907 in
950 2853 1024 2906 omni
1042 2851 1217 2913 inscriptione
1231 2859 1308 2904 uacat
1326 2864 1361 2904 eu
1386 2863 1438 2917 qua
1452 2850 1541 2917 colligi
1555 2848 1638 2917 possit
1649 2850 1735 2928 ,euius

134 2917 198 2981 sotis,
210 2919 265 2973 sire
291 2918 319 2973 in
345 2922 557 2989 prolegomenis,
567 2931 804 2989 representantur,
828 2937 899 2976 nunc
949 2921 1106 2989 regisjnsso
1118 2919 1254 2989 Eugenius
1266 2931 1407 2987 aggressus
1421 2918 1501 2972 inerit
1521 2918 1655 2972 ttrocuutir
1670 2932 1733 2972 eur-

133 2983 899 3127 diuiditur,ddiitihliltddddil·
949 2987 1731 3128 lil⁰¹¹idildithzlid¹ld·,iiididtdddiii

131 3123 166 3185 sit
177 3139 224 3182 one
242 3135 337 3182 tenore
354 3125 518 3191 describere,
546 3128 645 3183 rationi
662 3130 740 3183 simul
762 3136 789 3183 et
815 3143 899 3198 scopo
948 3142 1028 3198 quam
1042 3128 1153 3198 exponit
1167 3130 1194 3182 in
1216 3100 1414 3196 dugenti'vua,
1428 3135 1494 3181 tom.
1511 3124 1677 3193 Vilispaniue
1689 3139 1734 3178 sa-

132 3200 209 3248 rouo
228 3195 346 3251 mesine
370 3204 584 3253 cousentaneum
607 3196 897 3255 desimusuunorus.
948 3213 1009 3261 crae,
1026 3198 1178 3253 mandatum
1200 3196 1267 3252 illud
1288 3205 1413 3265 putansa
1448 3195 1625 3251 ileeeesaiute
1640 3193 1732 3263 prole·

158 3261 225 3320 lllio
236 3272 280 3320 est
293 3264 454 3321 bmeontius
474 3266 520 3322 ille
533 3266 568 3322 de
580 3281 635 3336 quo
650 3266 707 3322 bueo
719 3267 898 3328 scribitlsab·
948 3279 1032 3323 ctum.
1048 3269 1103 3323 Nos
1118 3275 1205 3321 tanuen
1220 3281 1304 3337 quare
1318 3265 1503 3332 indulgeamus
1517 3265 1543 3319 iu
1559 3265 1609 3318 hae
1620 3279 1652 3344 re
1665 3279 1733 3343 con3

132 3326 194 3394 hm,
207 3333 234 3388 in
246 3333 434 3390 discretione
447 3332 573 3391 historica
586 3351 666 3408 quam
679 3337 792 3392 inseruit
804 3337 851 3394 tib.
864 3338 899 3394 de
945 3336 1059 3418 jecturis
1082 3352 1134 3392 tuen
1150 3336 1280 3403 uidemus,
1295 3351 1356 3389 eum
1368 3333 1419 3388 his.
1435 3332 1586 3389 Victorinus
1599 3331 1734 3387 Strmendt

129 3400 294 3470 scriptoribus
311 3404 504 3460 ecelesiasticis
517 3405 600 3460 emin.
616 3404 788 3462 bellarminie
804 3423 814 3459 s
831 3407 896 3461 Dra·
948 3422 975 3461 ιιι
996 3409 1141 3476 epigraphe
1165 3405 1286 3474 epistole
1309 3419 1408 3459 nomen
1426 3401 1611 3458 chindasvinti
1635 3415 1734 3471 repro)-

128 3470 218 3527 eoutioa
239 3472 381 3546 presbyter
398 3471 541 3544 lltspanus,
564 3488 597 3531 ac
622 3474 791 3531 Christianus
804 3487 895 3545 poeta,
947 3483 1046 3539 sentet,
1062 3487 1091 3532 et
1103 3475 1325 3530 chindasuintum
1343 3472 1482 3542 religionis
1498 3473 1663 3543 pietatisque
1673 3471 1734 3552 glo·

127 3541 259 3615 meavit
281 3540 466 3600 Hemememu
490 3542 575 3599 seuO
594 3558 686 3599 usses
707 3544 811 3600 dierum
834 3559 897 3598 oar·
946 3545 987 3600 ria
1009 3546 1123 3609 clarum,
1138 3558 1193 3600 non
1214 3545 1281 3599 itaa
1300 3558 1436 3599 sacrorum
1456 3544 1586 3599 libroruin
1617 3543 1736 3598 lechone

127 3620 186 3665 nune
207 3609 329 3680 heroice,
345 3612 418 3684 quod
440 3622 549 3669 sanctus
572 3558 706 3694 fingenius
729 3613 749 3667 ll
765 3612 896 3684 (tertium
948 3614 1064 3670 alienum
1079 3614 1160 3670 inisse
1173 3614 1300 3685 sciamus,
1323 3614 1386 3684 quin
1406 3611 1534 3685 Taionem
1559 3613 1734 3691 cesaraugu·

126 3674 202 3759 dieue
212 3679 357 3746 debuisset,
372 3680 420 3736 sed
434 3681 579 3763 ignorabat
592 3681 695 3738 sedicet
708 3681 822 3760 alterum
846 3680 898 3737 Eu·
947 3692 1053 3766 stonum
1069 3692 1132 3767 tuuc
1146 3682 1331 3765 presbyterum
1345 3689 1374 3738 et
1385 3680 1519 3746 abbatem,
1536 3689 1628 3804 Rostea
1647 3687 1733 3734 sanctu

126 3750 895 3893 mndddsiddhlhhdddthdil
909 3814 932 3878 c
947 3747 1733 3897 iiti'hhtiit:illiitliddith,teithi

125 3887 356 3953 menendum,
370 3888 510 3957 auxitque,
528 3896 596 3945 teste
612 3897 707 3945 sancte
722 3887 892 3958 ildephonso.
946 3891 1025 3947 sinuul
1038 3907 1100 3948 eom
1114 3892 1217 3964 reliqua
1231 3893 1359 3948 libroruin
1375 3889 1514 3946 llorahum
1533 3895 1620 3966 parte.
1631 3899 1690 3955 quaa.
1704 3900 1731 3938 ιιι

126 3964 174 4021 op.
193 3953 227 4009 ll
245 3954 293 4011 lib.
312 3956 348 4010 de
367 3954 438 4012 Viris
464 3956 619 4013 illustribus.
638 3955 764 4026 Ejusdem
786 3973 893 4028 quoque
946 3958 1072 4033 llispania
1097 3961 1360 4026 desiderabantur,a
1382 3959 1505 4014 ilontauo
1527 3954 1654 4027 pontillce
1669 3960 1733 4008 tune

125 4015 244 4079 &muntii
257 4024 381 4080 meminit
392 4033 501 4081 sanctus
516 4027 631 4081 isidorus
647 4028 809 4096 llispaleusrs
821 4041 891 4096 pru·
945 4027 1060 4084 llartino
1074 4029 1084 4083 i
1099 4032 1266 4100 impetraret,
1285 4040 1479 4099 atquesomura
1490 4040 1554 4081 curs
1570 4019 1731 4090 transcripta

126 4091 294 4162 abrepti,
310 4103 341 4149 et
360 4109 407 4164 per
431 4097 495 4150 nrihi
510 4096 605 4150 mirum
619 4095 811 4164 occideritque
833 4107 893 4151 tun·
945 4097 1100 4168 liispanism
1117 4114 1208 4155 secum
1224 4107 1384 4168 asportaret,
1398 4099 1469 4165 quod
1484 4095 1730 4171 tatonemreper-

125 4155 175 4237 {n
198 4169 276 4232 paeto
296 4164 338 4219 vir
367 4164 487 4220 eruditm
509 4163 645 4221 Gerardus
665 4163 742 4220 loun.
772 4165 890 4229 lessius,
945 4165 1041 4225 lecese
1054 4177 1171 4224 constat.
1186 4167 1280 4236 ltaque
1295 4167 1452 4236 religiosis
1485 4179 1519 4220 ue
1540 4164 1567 4218 in
1582 4158 1731 4217 saerssCo·

127 4224 210 4287 iti-de
233 4232 323 4289 l’netis
343 4232 497 4298 hatinimu
521 4232 571 4298 ,9,
584 4234 656 4289 inter
670 4242 763 4304 poetas
784 4234 892 4291 incestae
944 4236 1047 4293 dicibus
1071 4237 1225 4293 evolvendus
1237 4236 1351 4291 studiosi
1373 4235 1454 4289 animi
1485 4248 1535 4288 aus
1554 4245 1607 4311 non
1629 4227 1731 4309 lleeoe·

126 4302 370 4372 manutenuit,
385 4313 413 4357 et
432 4249 589 4372 postdaroh
604 4302 692 4372 biagni
707 4302 889 4360 humaniorum
944 4306 1024 4362 suhrti
1045 4308 1163 4377 propria,
1179 4305 1226 4361 sed
1250 4306 1301 4376 ipsi
1315 4319 1376 4385 curn
1401 4313 1514 4373 parente
1536 4298 1731 4357 Chttudaaurnto

214 4374 290 4440 toris,
305 4371 342 4427 ed
363 4385 462 4427 ausuum
485 4372 553 4437 ddu-
573 4373 745 4428 ilruceutiuun
769 4381 890 4428 nostrum
946 4376 1096 4431 cosnunnnio
1109 4376 1309 4444 quodammodo
1322 4372 1383 4429 lod.

201 4440 278 4509 serit,
308 4440 381 4495 vixit
405 4457 485 4511 porro
516 4442 566 4495 sub
592 4441 744 4497 Theodosio
780 4440 891 4497 iustiore
979 4442 1050 4499 ldl.
1066 4445 1127 4500 add.
1142 4450 1274 4499 trectense.

126 4497 227 4564 donus
238 4512 414 4583 imperatore,
427 4510 461 4565 sd
474 4525 553 4578 quem
573 4513 680 4582 scripsit
693 4511 806 4583 elegiam
829 4527 892 4582 quae
981 4523 994 4551 ι
1009 4515 1065 4576 hl„
1079 4514 1199 4570 crebrius.

128 4581 200 4630 itast
210 4591 268 4634 mm
281 4578 342 4635 aliis
353 4579 474 4650 eiusdem
488 4578 608 4635 uersibus
622 4581 695 4653 typis
704 4592 802 4637 excursu
815 4581 888 4638 Part·

741 4856 1081 5037 pontello.

830 5072 1016 5096 h..—

75 5172 77 5180 ·
130 5141 243 5218 trodpo
256 5148 387 5219 insignem
402 5148 498 5205 laeiem
512 5148 614 5217 uisere,
628 5147 730 5212 libelle,
943 5142 1102 5216 haterisque
1115 5146 1153 5201 tui
1167 5145 1252 5202 solers
1266 5157 1395 5216 patrenus
1408 5145 1515 5204 adesm.

129 5232 199 5304 Cuius
206 5237 240 5294 ad
250 5238 394 5309 imperium
407 5239 529 5295 meruisti
543 5238 625 5296 sorde
636 5252 739 5299 carere,
944 5233 1067 5304 ignoscat
1080 5236 1211 5306 placidus,
1226 5239 1350 5310 ignoscat
1360 5249 1451 5295 mente
1462 5239 1604 5309 benignus,

128 5324 153 5378 it
162 5342 254 5399 capere
265 5329 377 5386 nitidam
388 5329 470 5400 lengo
485 5340 547 5401 post
557 5341 679 5400 tempore
691 5328 798 5399 pallum,
943 5326 1018 5392 Quod
1033 5335 1060 5382 te
1074 5320 1241 5384 sordidulum
1251 5329 1315 5384 duur
1330 5343 1416 5385 eonor
1427 5329 1479 5385 rite
1490 5329 1601 5393 iuuare,

124 5414 228 5487 tleper'u
241 5429 271 5476 ut
285 5420 368 5476 limen
379 5420 448 5475 aulae
462 5420 560 5490 regalis
574 5419 661 5484 adire,
943 5413 1073 5484 Asperius
1091 5415 1220 5487 impressa
1232 5431 1328 5472 manus
1342 5416 1478 5472 tenuando
1492 5415 1597 5485 polivit.

124 5504 272 5578 ltqueam
287 5511 372 5567 rutile
386 5511 536 5568 radiantem
546 5526 660 5568 cernere
669 5508 771 5576 sedem
944 5512 979 5559 nt
988 5505 1010 5561 si
1026 5504 1062 5561 de
1074 5506 1154 5576 plebe
1167 5506 1308 5577 quisquam
1320 5505 1405 5561 livere
1417 5515 1542 5576 perustus

124 5591 197 5667 helpe
208 5602 408 5671 quamprimum
419 5601 674 5674 largaspersolnere
684 5609 784 5669 grates,
944 5597 1046 5651 iliserit
1059 5595 1110 5650 :Et
1123 5597 1184 5667 quis
1197 5605 1240 5653 est
1249 5606 1369 5652 ueoertrm
1382 5596 1428 5666 qui
1441 5597 1560 5651 carmina
1575 5606 1669 5663 motat,
1724 5632 1730 5645 ,

124 5685 235 5746 [norom
249 5692 323 5761 qood
336 5693 408 5748 nobe
422 5707 517 5748 carens
531 5699 670 5748 correctns
685 5692 807 5753 haberrs;
944 5686 1043 5742 Scribit
1057 5687 1102 5757 qni
1117 5687 1219 5743 leuibus
1232 5688 1425 5756 epigrammate
1442 5702 1510 5742 uana
1526 5687 1639 5743 libellis?

125 5776 178 5836 isin
187 5791 335 5846 remeatus
349 5784 423 5841 homi
434 5784 538 5842 reniam
551 5784 666 5854 deposce
683 5790 803 5852 promtu,
943 5776 1052 5836 Noverit
1063 5779 1115 5834 hoc
1126 5777 1192 5849 ipse,
1204 5776 1275 5848 quod
1288 5771 1420 5849 §usquam
1433 5786 1510 5850 cupa
1525 5787 1647 5852 poietin,
