<?xml version="1.0" encoding="UTF-8"?>
<!DOCTYPE html PUBLIC "-//W3C//DTD XHTML 1.0 Transitional//EN"
    "http://www.w3.org/TR/xhtml1/DTD/xhtml1-transitional.dtd">
<html xmlns="http://www.w3.org/1999/xhtml" xml:lang="en" lang="en">
 <head>
  <title>
</title>
<meta http-equiv="Content-Type" content="text/html;charset=utf-8" />
  <meta name='ocr-system' content='tesseract 3.04.00' />
  <meta name='ocr-capabilities' content='ocr_page ocr_carea ocr_par ocr_line ocrx_word'/>
</head>
<body>
  <div class='ocr_page' id='page_1' title='image "./patrologiaecurs23unkngoog_0179.png"; bbox 0 0 3788 6126; ppageno 0'>
   <div class='ocr_carea' id='block_1_1' title="bbox 192 284 1815 349">
    <p class='ocr_par' dir='ltr' id='par_1_1' title="bbox 192 284 1815 349">
     <span class='ocr_line' id='line_1_1' title="bbox 192 284 1815 349; baseline -0.002 -3"><span class='ocrx_word' id='word_1_1' title='bbox 192 288 247 349; x_wconf 67' lang='grc'><strong>313</strong></span> <span class='ocrx_word' id='word_1_2' title='bbox 751 289 778 346; x_wconf 88' lang='lat' dir='ltr'><strong>S.</strong></span> <span class='ocrx_word' id='word_1_3' title='bbox 802 287 937 347; x_wconf 74' lang='lat' dir='ltr'><strong>tillitus</strong></span> <span class='ocrx_word' id='word_1_4' title='bbox 957 284 1061 345; x_wconf 80' lang='lat' dir='ltr'><strong>El&#39;lSC.</strong></span> <span class='ocrx_word' id='word_1_5' title='bbox 1084 289 1128 345; x_wconf 82' lang='grc' dir='ltr'><strong>ΕΤ</strong></span> <span class='ocrx_word' id='word_1_6' title='bbox 1147 290 1254 347; x_wconf 72' lang='lat' dir='ltr'><strong>hatti.</strong></span> <span class='ocrx_word' id='word_1_7' title='bbox 1763 289 1815 343; x_wconf 73' lang='lat' dir='ltr'><strong>itt</strong></span> 
     </span>
    </p>
   </div>
   <div class='ocr_carea' id='block_1_2' title="bbox 100 400 1839 3830">
    <p class='ocr_par' dir='ltr' id='par_1_2' title="bbox 100 400 1839 3830">
     <span class='ocr_line' id='line_1_2' title="bbox 100 400 1826 474; baseline 0.003 -17"><span class='ocrx_word' id='word_1_8' title='bbox 100 464 107 474; x_wconf 51' lang='lat'><em>‚</em></span> <span class='ocrx_word' id='word_1_9' title='bbox 191 403 261 460; x_wconf 90' lang='lat' dir='ltr'><strong>lihro</strong></span> <span class='ocrx_word' id='word_1_10' title='bbox 276 403 409 470; x_wconf 63' lang='lat' dir='ltr'><strong>ethered</strong></span> <span class='ocrx_word' id='word_1_11' title='bbox 425 417 485 459; x_wconf 89' lang='lat' dir='ltr'><strong>cum</strong></span> <span class='ocrx_word' id='word_1_12' title='bbox 498 402 628 472; x_wconf 69' lang='lat' dir='ltr'><strong>sauguine</strong></span> <span class='ocrx_word' id='word_1_13' title='bbox 646 417 707 459; x_wconf 87' lang='lat' dir='ltr'><strong>meo</strong></span> <span class='ocrx_word' id='word_1_14' title='bbox 727 403 817 458; x_wconf 87' lang='lat' dir='ltr'><strong>sotiatl</strong></span> <span class='ocrx_word' id='word_1_15' title='bbox 830 402 978 467; x_wconf 71' lang='lat' dir='ltr'><strong>interimet</strong></span> <span class='ocrx_word' id='word_1_16' title='bbox 992 405 1016 462; x_wconf 84' lang='lat' dir='ltr'><strong>tl</strong></span> <span class='ocrx_word' id='word_1_17' title='bbox 1030 400 1162 459; x_wconf 78' lang='lat' dir='ltr'><strong>dixit21u</strong></span> <span class='ocrx_word' id='word_1_18' title='bbox 1186 418 1282 460; x_wconf 84' lang='lat' dir='ltr'><strong>ananus</strong></span> <span class='ocrx_word' id='word_1_19' title='bbox 1296 410 1355 461; x_wconf 79' lang='lat' dir='ltr'><strong>tuas</strong></span> <span class='ocrx_word' id='word_1_20' title='bbox 1367 405 1529 462; x_wconf 80' lang='lat' dir='ltr'><strong>commendo</strong></span> <span class='ocrx_word' id='word_1_21' title='bbox 1555 405 1679 472; x_wconf 83' lang='lat' dir='ltr'><strong>spiritum</strong></span> <span class='ocrx_word' id='word_1_22' title='bbox 1703 420 1826 472; x_wconf 60' lang='lat' dir='ltr'><strong>memue</strong></span> 
     </span>
     <span class='ocr_line' id='line_1_3' title="bbox 192 493 1814 564; baseline 0.002 -16"><span class='ocrx_word' id='word_1_23' title='bbox 192 494 313 564; x_wconf 86' lang='lat' dir='ltr'><strong>inspirati</strong></span> <span class='ocrx_word' id='word_1_24' title='bbox 333 493 418 562; x_wconf 69' lang='lat' dir='ltr'><strong>pratia</strong></span> <span class='ocrx_word' id='word_1_25' title='bbox 441 493 641 548; x_wconf 73' lang='lat' dir='ltr'><strong>miserationum</strong></span> <span class='ocrx_word' id='word_1_26' title='bbox 664 501 769 548; x_wconf 88' lang='lat' dir='ltr'><strong>tuarum</strong></span> <span class='ocrx_word' id='word_1_27' title='bbox 794 493 978 564; x_wconf 67' lang='lat' dir='ltr'><strong>poenituerint,</strong></span> <span class='ocrx_word' id='word_1_28' title='bbox 1028 493 1164 551; x_wconf 88' lang='lat' dir='ltr'><strong>redemisti</strong></span> <span class='ocrx_word' id='word_1_29' title='bbox 1180 496 1375 563; x_wconf 57' lang='lat' dir='ltr'><strong>mephomtnc,</strong></span> <span class='ocrx_word' id='word_1_30' title='bbox 1393 496 1462 551; x_wconf 81' lang='lat' dir='ltr'><strong>llum</strong></span> <span class='ocrx_word' id='word_1_31' title='bbox 1485 496 1615 551; x_wconf 85' lang='lat' dir='ltr'><strong>veritatis.</strong></span> <span class='ocrx_word' id='word_1_32' title='bbox 1635 495 1742 552; x_wconf 86' lang='lat' dir='ltr'><strong>interea</strong></span> <span class='ocrx_word' id='word_1_33' title='bbox 1765 511 1814 552; x_wconf 89' lang='lat' dir='ltr'><strong>su·</strong></span> 
     </span>
     <span class='ocr_line' id='line_1_4' title="bbox 186 585 1813 659; baseline 0 -15"><span class='ocrx_word' id='word_1_34' title='bbox 186 589 306 657; x_wconf 53' lang='lat' dir='ltr'><strong>‘recipias</strong></span> <span class='ocrx_word' id='word_1_35' title='bbox 319 602 367 644; x_wconf 82' lang='lat' dir='ltr'><strong>cos</strong></span> <span class='ocrx_word' id='word_1_36' title='bbox 388 587 416 643; x_wconf 89' lang='lat' dir='ltr'><strong>ln</strong></span> <span class='ocrx_word' id='word_1_37' title='bbox 435 601 548 643; x_wconf 85' lang='lat' dir='ltr'><strong>numero</strong></span> <span class='ocrx_word' id='word_1_38' title='bbox 566 587 713 643; x_wconf 88' lang='lat' dir='ltr'><strong>electorum</strong></span> <span class='ocrx_word' id='word_1_39' title='bbox 727 595 845 643; x_wconf 89' lang='lat' dir='ltr'><strong>tuorum.</strong></span> <span class='ocrx_word' id='word_1_40' title='bbox 865 585 976 652; x_wconf 67' lang='lat' dir='ltr'><strong>Praesta,</strong></span> <span class='ocrx_word' id='word_1_41' title='bbox 1027 588 1141 659; x_wconf 90' lang='lat' dir='ltr'><strong>pradicti</strong></span> <span class='ocrx_word' id='word_1_42' title='bbox 1153 587 1249 645; x_wconf 86' lang='lat' dir='ltr'><strong>iratres</strong></span> <span class='ocrx_word' id='word_1_43' title='bbox 1263 589 1416 645; x_wconf 77' lang='lat' dir='ltr'><strong>walbertus</strong></span> <span class='ocrx_word' id='word_1_44' title='bbox 1426 587 1548 643; x_wconf 80' lang='lat' dir='ltr'><strong>videlicet</strong></span> <span class='ocrx_word' id='word_1_45' title='bbox 1562 597 1590 643; x_wconf 91' lang='lat' dir='ltr'><strong>et</strong></span> <span class='ocrx_word' id='word_1_46' title='bbox 1603 587 1709 644; x_wconf 84' lang='lat' dir='ltr'><strong>ilelnao</strong></span> <span class='ocrx_word' id='word_1_47' title='bbox 1724 591 1813 645; x_wconf 88' lang='lat' dir='ltr'><strong>irrue-</strong></span> 
     </span>
     <span class='ocr_line' id='line_1_5' title="bbox 189 676 1814 750; baseline 0.004 -21"><span class='ocrx_word' id='word_1_48' title='bbox 189 676 311 738; x_wconf 78' lang='lat' dir='ltr'><strong>Durriae,</strong></span> <span class='ocrx_word' id='word_1_49' title='bbox 327 683 357 730; x_wconf 92' lang='lat' dir='ltr'><strong>ut</strong></span> <span class='ocrx_word' id='word_1_50' title='bbox 369 676 396 733; x_wconf 84' lang='lat' dir='ltr'><strong>iu</strong></span> <span class='ocrx_word' id='word_1_51' title='bbox 410 677 471 733; x_wconf 91' lang='lat' dir='ltr'><strong>loco</strong></span> <span class='ocrx_word' id='word_1_52' title='bbox 485 691 539 746; x_wconf 83' lang='lat' dir='ltr'><strong>quo</strong></span> <span class='ocrx_word' id='word_1_53' title='bbox 553 678 693 748; x_wconf 75' lang='lat' dir='ltr'><strong>presentia</strong></span> <span class='ocrx_word' id='word_1_54' title='bbox 708 678 880 748; x_wconf 81' lang='lat' dir='ltr'><strong>reliquiarum</strong></span> <span class='ocrx_word' id='word_1_55' title='bbox 904 691 977 732; x_wconf 88' lang='lat' dir='ltr'><strong>mea·</strong></span> <span class='ocrx_word' id='word_1_56' title='bbox 1028 688 1090 734; x_wconf 91' lang='lat' dir='ltr'><strong>runt</strong></span> <span class='ocrx_word' id='word_1_57' title='bbox 1104 679 1131 734; x_wconf 91' lang='lat' dir='ltr'><strong>in</strong></span> <span class='ocrx_word' id='word_1_58' title='bbox 1145 694 1218 746; x_wconf 84' lang='lat' dir='ltr'><strong>enm,</strong></span> <span class='ocrx_word' id='word_1_59' title='bbox 1230 686 1258 734; x_wconf 87' lang='lat' dir='ltr'><strong>et</strong></span> <span class='ocrx_word' id='word_1_60' title='bbox 1272 679 1363 735; x_wconf 86' lang='lat' dir='ltr'><strong>multis</strong></span> <span class='ocrx_word' id='word_1_61' title='bbox 1385 679 1473 750; x_wconf 72' lang='lat' dir='ltr'><strong>plagis</strong></span> <span class='ocrx_word' id='word_1_62' title='bbox 1497 679 1623 748; x_wconf 71' lang='lat' dir='ltr'><strong>irrogatis</strong></span> <span class='ocrx_word' id='word_1_63' title='bbox 1636 679 1670 734; x_wconf 88' lang='lat' dir='ltr'><strong>nd</strong></span> <span class='ocrx_word' id='word_1_64' title='bbox 1690 679 1814 736; x_wconf 83' lang='lat' dir='ltr'><strong>ultimum</strong></span> 
     </span>
     <span class='ocr_line' id='line_1_6' title="bbox 188 767 1814 841; baseline 0.002 -19"><span class='ocrx_word' id='word_1_65' title='bbox 188 767 352 836; x_wconf 72' lang='lat' dir='ltr'><strong>ruminent,</strong></span> <span class='ocrx_word' id='word_1_66' title='bbox 365 769 408 824; x_wconf 81' lang='lat' dir='ltr'><strong>acl</strong></span> <span class='ocrx_word' id='word_1_67' title='bbox 421 769 552 825; x_wconf 86' lang='lat' dir='ltr'><strong>memoria</strong></span> <span class='ocrx_word' id='word_1_68' title='bbox 565 768 682 825; x_wconf 82' lang='lat' dir='ltr'><strong>nominis</strong></span> <span class='ocrx_word' id='word_1_69' title='bbox 695 768 806 832; x_wconf 84' lang='lat' dir='ltr'><strong>mci‚ait</strong></span> <span class='ocrx_word' id='word_1_70' title='bbox 819 784 925 841; x_wconf 82' lang='lat' dir='ltr'><strong>seniper</strong></span> <span class='ocrx_word' id='word_1_71' title='bbox 939 767 978 823; x_wconf 91' lang='lat' dir='ltr'><strong>in·</strong></span> <span class='ocrx_word' id='word_1_72' title='bbox 1026 783 1081 824; x_wconf 79' lang='lat' dir='ltr'><strong>sum</strong></span> <span class='ocrx_word' id='word_1_73' title='bbox 1095 769 1189 826; x_wconf 85' lang='lat' dir='ltr'><strong>salutis</strong></span> <span class='ocrx_word' id='word_1_74' title='bbox 1207 769 1347 825; x_wconf 89' lang='lat' dir='ltr'><strong>doctorem</strong></span> <span class='ocrx_word' id='word_1_75' title='bbox 1369 770 1602 840; x_wconf 83' lang='lat' dir='ltr'><strong>decapitaverunt,</strong></span> <span class='ocrx_word' id='word_1_76' title='bbox 1619 778 1647 824; x_wconf 85' lang='lat' dir='ltr'><strong>rt</strong></span> <span class='ocrx_word' id='word_1_77' title='bbox 1660 771 1814 828; x_wconf 83' lang='lat' dir='ltr'><strong>ridentibus</strong></span> 
     </span>
     <span class='ocr_line' id='line_1_7' title="bbox 187 857 1813 930; baseline 0.003 -19"><span class='ocrx_word' id='word_1_78' title='bbox 187 857 331 914; x_wconf 84' lang='lat' dir='ltr'><strong>columitas</strong></span> <span class='ocrx_word' id='word_1_79' title='bbox 342 867 372 913; x_wconf 87' lang='lat' dir='ltr'><strong>et</strong></span> <span class='ocrx_word' id='word_1_80' title='bbox 384 857 546 914; x_wconf 88' lang='lat' dir='ltr'><strong>uhundautia</strong></span> <span class='ocrx_word' id='word_1_81' title='bbox 565 859 653 929; x_wconf 82' lang='lat' dir='ltr'><strong>pacis.</strong></span> <span class='ocrx_word' id='word_1_82' title='bbox 667 867 695 915; x_wconf 91' lang='lat' dir='ltr'><strong>et</strong></span> <span class='ocrx_word' id='word_1_83' title='bbox 709 860 827 915; x_wconf 89' lang='lat' dir='ltr'><strong>omnium</strong></span> <span class='ocrx_word' id='word_1_84' title='bbox 843 859 975 914; x_wconf 78' lang='lat' dir='ltr'><strong>honor-nm</strong></span> <span class='ocrx_word' id='word_1_85' title='bbox 1026 857 1132 912; x_wconf 89' lang='lat' dir='ltr'><strong>cunctis</strong></span> <span class='ocrx_word' id='word_1_86' title='bbox 1145 858 1233 912; x_wconf 89' lang='lat' dir='ltr'><strong>anima</strong></span> <span class='ocrx_word' id='word_1_87' title='bbox 1244 857 1304 927; x_wconf 79' lang='lat' dir='ltr'><strong>ejus</strong></span> <span class='ocrx_word' id='word_1_88' title='bbox 1316 858 1350 914; x_wconf 92' lang='lat' dir='ltr'><strong>uh</strong></span> <span class='ocrx_word' id='word_1_89' title='bbox 1363 858 1466 930; x_wconf 75' lang='lat' dir='ltr'><strong>angelis</strong></span> <span class='ocrx_word' id='word_1_90' title='bbox 1478 869 1603 929; x_wconf 84' lang='lat' dir='ltr'><strong>suscepta</strong></span> <span class='ocrx_word' id='word_1_91' title='bbox 1623 861 1723 915; x_wconf 89' lang='lat' dir='ltr'><strong>meruit</strong></span> <span class='ocrx_word' id='word_1_92' title='bbox 1735 876 1813 916; x_wconf 82' lang='lat' dir='ltr'><strong>scan-</strong></span> 
     </span>
     <span class='ocr_line' id='line_1_8' title="bbox 186 945 1812 1019; baseline 0.004 -21"><span class='ocrx_word' id='word_1_93' title='bbox 186 945 325 1015; x_wconf 91' lang='lat' dir='ltr'><strong>plenitudo</strong></span> <span class='ocrx_word' id='word_1_94' title='bbox 351 949 477 1004; x_wconf 84' lang='lat' dir='ltr'><strong>llumcat</strong></span> <span class='ocrx_word' id='word_1_95' title='bbox 491 966 499 1014; x_wconf 88' lang='lat'>;</span> <span class='ocrx_word' id='word_1_96' title='bbox 514 957 542 1003; x_wconf 86' lang='lat' dir='ltr'><strong>ct</strong></span> <span class='ocrx_word' id='word_1_97' title='bbox 565 949 611 1018; x_wconf 87' lang='lat' dir='ltr'><strong>qui</strong></span> <span class='ocrx_word' id='word_1_98' title='bbox 637 949 663 1002; x_wconf 89' lang='lat' dir='ltr'><strong>iu</strong></span> <span class='ocrx_word' id='word_1_99' title='bbox 689 949 767 1014; x_wconf 86' lang='lat' dir='ltr'><strong>muri,</strong></span> <span class='ocrx_word' id='word_1_100' title='bbox 789 949 835 1004; x_wconf 84' lang='lat' dir='ltr'><strong>rel</strong></span> <span class='ocrx_word' id='word_1_101' title='bbox 846 949 872 1005; x_wconf 90' lang='lat' dir='ltr'><strong>in</strong></span> <span class='ocrx_word' id='word_1_102' title='bbox 887 949 974 1018; x_wconf 77' lang='lat' dir='ltr'><strong>anuis,</strong></span> <span class='ocrx_word' id='word_1_103' title='bbox 1025 946 1090 1001; x_wconf 87' lang='lat' dir='ltr'><strong>dere</strong></span> <span class='ocrx_word' id='word_1_104' title='bbox 1102 957 1207 1002; x_wconf 78' lang='lat' dir='ltr'><strong>secreta</strong></span> <span class='ocrx_word' id='word_1_105' title='bbox 1221 947 1282 1003; x_wconf 76' lang='lat' dir='ltr'><strong>cosli</strong></span> <span class='ocrx_word' id='word_1_106' title='bbox 1297 961 1359 1002; x_wconf 90' lang='lat' dir='ltr'><strong>cum</strong></span> <span class='ocrx_word' id='word_1_107' title='bbox 1373 962 1469 1018; x_wconf 72' lang='lat' dir='ltr'><strong>magna</strong></span> <span class='ocrx_word' id='word_1_108' title='bbox 1482 947 1606 1003; x_wconf 85' lang='lat' dir='ltr'><strong>claritate</strong></span> <span class='ocrx_word' id='word_1_109' title='bbox 1620 948 1738 1004; x_wconf 66' lang='lat' dir='ltr'><strong>coelestis</strong></span> <span class='ocrx_word' id='word_1_110' title='bbox 1750 950 1812 1019; x_wconf 68' lang='lat' dir='ltr'><strong>glo-</strong></span> 
     </span>
     <span class='ocr_line' id='line_1_9' title="bbox 186 1030 1814 1109; baseline 0.005 -20"><span class='ocrx_word' id='word_1_111' title='bbox 186 1035 282 1092; x_wconf 82' lang='lat' dir='ltr'><strong>xiroiu</strong></span> <span class='ocrx_word' id='word_1_112' title='bbox 299 1044 381 1101; x_wconf 88' lang='lat' dir='ltr'><strong>terra,</strong></span> <span class='ocrx_word' id='word_1_113' title='bbox 397 1037 455 1091; x_wconf 84' lang='lat' dir='ltr'><strong>sire</strong></span> <span class='ocrx_word' id='word_1_114' title='bbox 474 1036 624 1093; x_wconf 87' lang='lat' dir='ltr'><strong>incarcere</strong></span> <span class='ocrx_word' id='word_1_115' title='bbox 638 1047 684 1092; x_wconf 90' lang='lat' dir='ltr'><strong>aut</strong></span> <span class='ocrx_word' id='word_1_116' title='bbox 697 1037 862 1102; x_wconf 70' lang='lat' dir='ltr'><strong>indemitate,</strong></span> <span class='ocrx_word' id='word_1_117' title='bbox 878 1038 934 1093; x_wconf 87' lang='lat' dir='ltr'><strong>sire</strong></span> <span class='ocrx_word' id='word_1_118' title='bbox 947 1038 974 1094; x_wconf 93' lang='lat' dir='ltr'><strong>iu</strong></span> <span class='ocrx_word' id='word_1_119' title='bbox 1025 1036 1081 1092; x_wconf 66' lang='lat' dir='ltr'><strong>rina.</strong></span> <span class='ocrx_word' id='word_1_120' title='bbox 1106 1035 1205 1093; x_wconf 80' lang='lat' dir='ltr'><strong>Passus</strong></span> <span class='ocrx_word' id='word_1_121' title='bbox 1235 1045 1278 1094; x_wconf 84' lang='lat' dir='ltr'><strong>est</strong></span> <span class='ocrx_word' id='word_1_122' title='bbox 1316 1047 1405 1095; x_wconf 90' lang='lat' dir='ltr'><strong>autem</strong></span> <span class='ocrx_word' id='word_1_123' title='bbox 1433 1030 1602 1093; x_wconf 77' lang='lat' dir='ltr'><strong>beatissimus</strong></span> <span class='ocrx_word' id='word_1_124' title='bbox 1635 1039 1755 1109; x_wconf 75' lang='lat' dir='ltr'><strong>pontifex</strong></span> <span class='ocrx_word' id='word_1_125' title='bbox 1783 1049 1814 1097; x_wconf 86' lang='lat' dir='ltr'><strong>et</strong></span> 
     </span>
     <span class='ocr_line' id='line_1_10' title="bbox 184 1123 1810 1202; baseline 0.007 -25"><span class='ocrx_word' id='word_1_126' title='bbox 184 1123 274 1194; x_wconf 82' lang='lat' dir='ltr'><strong>aliqua</strong></span> <span class='ocrx_word' id='word_1_127' title='bbox 289 1139 413 1195; x_wconf 69' lang='lat' dir='ltr'><strong>pressura</strong></span> <span class='ocrx_word' id='word_1_128' title='bbox 428 1125 624 1194; x_wconf 71' lang='lat' dir='ltr'>angustiamur,</span> <span class='ocrx_word' id='word_1_129' title='bbox 638 1138 666 1181; x_wconf 86' lang='lat' dir='ltr'><strong>et</strong></span> <span class='ocrx_word' id='word_1_130' title='bbox 680 1128 796 1181; x_wconf 85' lang='lat' dir='ltr'><strong>nominis</strong></span> <span class='ocrx_word' id='word_1_131' title='bbox 816 1128 868 1182; x_wconf 89' lang='lat' dir='ltr'><strong>mei</strong></span> <span class='ocrx_word' id='word_1_132' title='bbox 881 1142 973 1185; x_wconf 86' lang='lat' dir='ltr'><strong>recor·</strong></span> <span class='ocrx_word' id='word_1_133' title='bbox 1024 1126 1122 1182; x_wconf 80' lang='lat' dir='ltr'><strong>Christi</strong></span> <span class='ocrx_word' id='word_1_134' title='bbox 1142 1138 1245 1202; x_wconf 80' lang='lat' dir='ltr'><strong>martyr</strong></span> <span class='ocrx_word' id='word_1_135' title='bbox 1268 1129 1378 1185; x_wconf 83' lang='lat' dir='ltr'><strong>livinus</strong></span> <span class='ocrx_word' id='word_1_136' title='bbox 1397 1129 1482 1197; x_wconf 88' lang='lat' dir='ltr'><strong>pridie</strong></span> <span class='ocrx_word' id='word_1_137' title='bbox 1499 1127 1562 1185; x_wconf 84' lang='lat' dir='ltr'><strong>ldus</strong></span> <span class='ocrx_word' id='word_1_138' title='bbox 1578 1130 1748 1199; x_wconf 79' lang='lat' dir='ltr'><strong>Nouembris,</strong></span> <span class='ocrx_word' id='word_1_139' title='bbox 1763 1146 1810 1188; x_wconf 81' lang='lat' dir='ltr'><strong>re·</strong></span> 
     </span>
     <span class='ocr_line' id='line_1_11' title="bbox 183 1214 1811 1290; baseline 0.006 -21"><span class='ocrx_word' id='word_1_140' title='bbox 183 1215 240 1270; x_wconf 91' lang='lat' dir='ltr'><strong>dati</strong></span> <span class='ocrx_word' id='word_1_141' title='bbox 253 1214 367 1284; x_wconf 84' lang='lat' dir='ltr'><strong>luerint,</strong></span> <span class='ocrx_word' id='word_1_142' title='bbox 380 1215 476 1271; x_wconf 83' lang='lat' dir='ltr'><strong>exaudi</strong></span> <span class='ocrx_word' id='word_1_143' title='bbox 490 1231 549 1285; x_wconf 87' lang='lat' dir='ltr'><strong>eos,</strong></span> <span class='ocrx_word' id='word_1_144' title='bbox 561 1216 684 1284; x_wconf 82' lang='lat' dir='ltr'>Domine,</span> <span class='ocrx_word' id='word_1_145' title='bbox 696 1231 725 1272; x_wconf 86' lang='grc' dir='ltr'><strong>ιιι</strong></span> <span class='ocrx_word' id='word_1_146' title='bbox 736 1227 973 1286; x_wconf 76' lang='lat' dir='ltr'><strong>coprroscuutucre</strong></span> <span class='ocrx_word' id='word_1_147' title='bbox 1023 1227 1123 1285; x_wconf 77' lang='lat' dir='ltr'><strong>girante</strong></span> <span class='ocrx_word' id='word_1_148' title='bbox 1137 1220 1250 1275; x_wconf 82' lang='lat' dir='ltr'><strong>lloudno</strong></span> <span class='ocrx_word' id='word_1_149' title='bbox 1265 1229 1358 1276; x_wconf 84' lang='lat' dir='ltr'><strong>nostro</strong></span> <span class='ocrx_word' id='word_1_150' title='bbox 1377 1219 1440 1275; x_wconf 85' lang='lat' dir='ltr'><strong>lesu</strong></span> <span class='ocrx_word' id='word_1_151' title='bbox 1455 1219 1572 1286; x_wconf 83' lang='lat' dir='ltr'><strong>Christo,</strong></span> <span class='ocrx_word' id='word_1_152' title='bbox 1587 1221 1634 1290; x_wconf 84' lang='lat' dir='ltr'><strong>qrri</strong></span> <span class='ocrx_word' id='word_1_153' title='bbox 1647 1221 1702 1276; x_wconf 86' lang='lat' dir='ltr'><strong>ruit</strong></span> <span class='ocrx_word' id='word_1_154' title='bbox 1716 1237 1811 1279; x_wconf 81' lang='lat' dir='ltr'><strong>omines</strong></span> 
     </span>
     <span class='ocr_line' id='line_1_12' title="bbox 182 1306 1810 1377; baseline 0.003 -17"><span class='ocrx_word' id='word_1_155' title='bbox 182 1307 245 1375; x_wconf 76' lang='lat' dir='ltr'><strong>quia</strong></span> <span class='ocrx_word' id='word_1_156' title='bbox 259 1306 388 1364; x_wconf 84' lang='lat' dir='ltr'><strong>idelises</strong></span> <span class='ocrx_word' id='word_1_157' title='bbox 411 1308 543 1365; x_wconf 78' lang='lat' dir='ltr'><strong>metecus</strong></span> <span class='ocrx_word' id='word_1_158' title='bbox 556 1311 610 1365; x_wconf 89' lang='lat' dir='ltr'><strong>tuis</strong></span> <span class='ocrx_word' id='word_1_159' title='bbox 623 1317 650 1364; x_wconf 89' lang='lat' dir='ltr'><strong>et</strong></span> <span class='ocrx_word' id='word_1_160' title='bbox 673 1318 783 1366; x_wconf 82' lang='lat' dir='ltr'><strong>sancum</strong></span> <span class='ocrx_word' id='word_1_161' title='bbox 803 1310 829 1364; x_wconf 92' lang='lat' dir='ltr'><strong>iu</strong></span> <span class='ocrx_word' id='word_1_162' title='bbox 849 1309 973 1367; x_wconf 85' lang='lat' dir='ltr'><strong>omnihus</strong></span> <span class='ocrx_word' id='word_1_163' title='bbox 1022 1306 1353 1366; x_wconf 81' lang='lat' dir='ltr'><strong>hominessalrostleriet</strong></span> <span class='ocrx_word' id='word_1_164' title='bbox 1372 1308 1580 1377; x_wconf 68' lang='lat' dir='ltr'><strong>adagnitionem</strong></span> <span class='ocrx_word' id='word_1_165' title='bbox 1594 1308 1715 1365; x_wconf 81' lang='lat' dir='ltr'><strong>ueritatis</strong></span> <span class='ocrx_word' id='word_1_166' title='bbox 1733 1311 1810 1365; x_wconf 83' lang='lat' dir='ltr'><strong>veui·</strong></span> 
     </span>
     <span class='ocr_line' id='line_1_13' title="bbox 182 1397 1811 1471; baseline 0.003 -19"><span class='ocrx_word' id='word_1_167' title='bbox 182 1397 312 1466; x_wconf 84' lang='lat' dir='ltr'><strong>operibus</strong></span> <span class='ocrx_word' id='word_1_168' title='bbox 326 1398 471 1465; x_wconf 84' lang='lat' dir='ltr'><strong>tuia;otsi</strong></span> <span class='ocrx_word' id='word_1_169' title='bbox 485 1401 512 1454; x_wconf 89' lang='lat' dir='ltr'><strong>iu</strong></span> <span class='ocrx_word' id='word_1_170' title='bbox 528 1400 646 1469; x_wconf 76' lang='lat' dir='ltr'><strong>peccatis</strong></span> <span class='ocrx_word' id='word_1_171' title='bbox 660 1399 812 1465; x_wconf 70' lang='lat' dir='ltr'><strong>inciderint,</strong></span> <span class='ocrx_word' id='word_1_172' title='bbox 827 1408 915 1471; x_wconf 72' lang='lat' dir='ltr'><strong>etper</strong></span> <span class='ocrx_word' id='word_1_173' title='bbox 929 1415 972 1456; x_wconf 88' lang='lat' dir='ltr'><strong>mc</strong></span> <span class='ocrx_word' id='word_1_174' title='bbox 1022 1415 1063 1466; x_wconf 78' lang='lat' dir='ltr'><strong>re,</strong></span> <span class='ocrx_word' id='word_1_175' title='bbox 1077 1400 1123 1471; x_wconf 84' lang='lat' dir='ltr'><strong>qui</strong></span> <span class='ocrx_word' id='word_1_176' title='bbox 1137 1415 1198 1456; x_wconf 88' lang='lat' dir='ltr'><strong>cum</strong></span> <span class='ocrx_word' id='word_1_177' title='bbox 1219 1401 1274 1456; x_wconf 83' lang='lat' dir='ltr'><strong>lieo</strong></span> <span class='ocrx_word' id='word_1_178' title='bbox 1288 1398 1368 1456; x_wconf 85' lang='lat' dir='ltr'><strong>Patre</strong></span> <span class='ocrx_word' id='word_1_179' title='bbox 1378 1410 1405 1456; x_wconf 88' lang='lat' dir='ltr'><strong>ct</strong></span> <span class='ocrx_word' id='word_1_180' title='bbox 1419 1399 1522 1469; x_wconf 84' lang='lat' dir='ltr'><strong>Spiritu</strong></span> <span class='ocrx_word' id='word_1_181' title='bbox 1534 1407 1631 1457; x_wconf 87' lang='lat' dir='ltr'><strong>sancto</strong></span> <span class='ocrx_word' id='word_1_182' title='bbox 1645 1401 1711 1456; x_wconf 84' lang='lat' dir='ltr'><strong>ririt</strong></span> <span class='ocrx_word' id='word_1_183' title='bbox 1724 1410 1753 1458; x_wconf 92' lang='lat' dir='ltr'><strong>et</strong></span> <span class='ocrx_word' id='word_1_184' title='bbox 1766 1417 1811 1458; x_wconf 83' lang='lat' dir='ltr'><strong>rs·</strong></span> 
     </span>
     <span class='ocr_line' id='line_1_14' title="bbox 184 1477 1549 1561; baseline 0.002 -18"><span class='ocrx_word' id='word_1_185' title='bbox 184 1495 212 1543; x_wconf 84' lang='lat' dir='ltr'><strong>ts</strong></span> <span class='ocrx_word' id='word_1_186' title='bbox 224 1488 417 1554; x_wconf 79' lang='lat' dir='ltr'><strong>iuvocam&#39;rtm.</strong></span> <span class='ocrx_word' id='word_1_187' title='bbox 440 1498 485 1546; x_wconf 84' lang='lat' dir='ltr'><strong>tua</strong></span> <span class='ocrx_word' id='word_1_188' title='bbox 506 1491 647 1547; x_wconf 84' lang='lat' dir='ltr'><strong>clementia</strong></span> <span class='ocrx_word' id='word_1_189' title='bbox 660 1492 774 1549; x_wconf 85' lang='lat' dir='ltr'><strong>absoluti</strong></span> <span class='ocrx_word' id='word_1_190' title='bbox 794 1491 904 1548; x_wconf 86' lang='lat' dir='ltr'><strong>laudent</strong></span> <span class='ocrx_word' id='word_1_191' title='bbox 918 1509 972 1547; x_wconf 89' lang='lat' dir='ltr'><strong>oo·</strong></span> <span class='ocrx_word' id='word_1_192' title='bbox 1020 1477 1086 1561; x_wconf 66' lang='lat' dir='ltr'><strong>⁴gum</strong></span> <span class='ocrx_word' id='word_1_193' title='bbox 1101 1507 1149 1561; x_wconf 85' lang='lat' dir='ltr'><strong>per</strong></span> <span class='ocrx_word' id='word_1_194' title='bbox 1162 1491 1250 1547; x_wconf 83' lang='lat' dir='ltr'><strong>omnin</strong></span> <span class='ocrx_word' id='word_1_195' title='bbox 1266 1491 1362 1547; x_wconf 87' lang='lat' dir='ltr'><strong>saccula</strong></span> <span class='ocrx_word' id='word_1_196' title='bbox 1378 1491 1549 1547; x_wconf 76' lang='lat' dir='ltr'><strong>sucularum.</strong></span> 
     </span>
     <span class='ocr_line' id='line_1_15' title="bbox 184 1580 1809 1654; baseline 0.001 -18"><span class='ocrx_word' id='word_1_197' title='bbox 184 1595 244 1636; x_wconf 83' lang='lat' dir='ltr'><strong>meu</strong></span> <span class='ocrx_word' id='word_1_198' title='bbox 257 1590 333 1638; x_wconf 92' lang='lat' dir='ltr'><strong>tuum</strong></span> <span class='ocrx_word' id='word_1_199' title='bbox 347 1583 374 1638; x_wconf 87' lang='lat' dir='ltr'><strong>iu</strong></span> <span class='ocrx_word' id='word_1_200' title='bbox 387 1584 503 1650; x_wconf 66' lang='lat' dir='ltr'><strong>ecculm</strong></span> <span class='ocrx_word' id='word_1_201' title='bbox 518 1593 546 1640; x_wconf 92' lang='lat' dir='ltr'><strong>et</strong></span> <span class='ocrx_word' id='word_1_202' title='bbox 558 1584 686 1650; x_wconf 85' lang='lat' dir='ltr'><strong>maxime,</strong></span> <span class='ocrx_word' id='word_1_203' title='bbox 696 1584 825 1649; x_wconf 56' lang='lat' dir='ltr'><strong>&gt;hunino</strong></span> <span class='ocrx_word' id='word_1_204' title='bbox 839 1586 883 1654; x_wconf 87' lang='lat' dir='ltr'><strong>qui</strong></span> <span class='ocrx_word' id='word_1_205' title='bbox 899 1584 971 1641; x_wconf 90' lang='lat' dir='ltr'><strong>hunc</strong></span> <span class='ocrx_word' id='word_1_206' title='bbox 1056 1581 1101 1638; x_wconf 74' lang='lat'><strong>52.</strong></span> <span class='ocrx_word' id='word_1_207' title='bbox 1115 1581 1245 1652; x_wconf 79' lang='lat' dir='ltr'><strong>diruplrui</strong></span> <span class='ocrx_word' id='word_1_208' title='bbox 1256 1582 1296 1636; x_wconf 82' lang='lat' dir='ltr'><strong>dir</strong></span> <span class='ocrx_word' id='word_1_209' title='bbox 1310 1598 1368 1635; x_wconf 85' lang='lat' dir='ltr'><strong>cum</strong></span> <span class='ocrx_word' id='word_1_210' title='bbox 1385 1581 1443 1652; x_wconf 65' lang='lat' dir='ltr'><strong>pilio</strong></span> <span class='ocrx_word' id='word_1_211' title='bbox 1464 1581 1584 1636; x_wconf 81' lang='lat' dir='ltr'><strong>aiurititer</strong></span> <span class='ocrx_word' id='word_1_212' title='bbox 1596 1583 1742 1652; x_wconf 72' lang='lat' dir='ltr'><strong>permitur.</strong></span> <span class='ocrx_word' id='word_1_213' title='bbox 1753 1580 1809 1638; x_wconf 85' lang='lat' dir='ltr'><strong>Co·</strong></span> 
     </span>
     <span class='ocr_line' id='line_1_16' title="bbox 180 1668 1839 1743; baseline -0.002 -13"><span class='ocrx_word' id='word_1_214' title='bbox 180 1669 250 1726; x_wconf 79' lang='lat' dir='ltr'><strong>diam</strong></span> <span class='ocrx_word' id='word_1_215' title='bbox 263 1674 455 1743; x_wconf 80' lang='lat' dir='ltr'><strong>assumptum</strong></span> <span class='ocrx_word' id='word_1_216' title='bbox 468 1688 535 1730; x_wconf 79' lang='lat' dir='ltr'><strong>mem</strong></span> <span class='ocrx_word' id='word_1_217' title='bbox 553 1689 614 1731; x_wconf 90' lang='lat' dir='ltr'><strong>cum</strong></span> <span class='ocrx_word' id='word_1_218' title='bbox 629 1673 726 1730; x_wconf 84' lang='lat' dir='ltr'><strong>deuota</strong></span> <span class='ocrx_word' id='word_1_219' title='bbox 741 1675 901 1730; x_wconf 80' lang='lat' dir='ltr'><strong>retinuerint</strong></span> <span class='ocrx_word' id='word_1_220' title='bbox 914 1690 969 1732; x_wconf 89' lang='lat' dir='ltr'><strong>me·</strong></span> <span class='ocrx_word' id='word_1_221' title='bbox 1021 1679 1183 1740; x_wconf 70' lang='lat' dir='ltr'><strong>girosceutes</strong></span> <span class='ocrx_word' id='word_1_222' title='bbox 1197 1681 1287 1726; x_wconf 86' lang='lat' dir='ltr'><strong>antem</strong></span> <span class='ocrx_word' id='word_1_223' title='bbox 1302 1671 1355 1726; x_wconf 93' lang='lat' dir='ltr'><strong>hoc</strong></span> <span class='ocrx_word' id='word_1_224' title='bbox 1369 1669 1470 1726; x_wconf 89' lang='lat' dir='ltr'><strong>iactum</strong></span> <span class='ocrx_word' id='word_1_225' title='bbox 1485 1668 1603 1725; x_wconf 84' lang='lat' dir='ltr'><strong>illustres</strong></span> <span class='ocrx_word' id='word_1_226' title='bbox 1616 1669 1671 1724; x_wconf 82' lang='lat' dir='ltr'><strong>viri.</strong></span> <span class='ocrx_word' id='word_1_227' title='bbox 1682 1679 1712 1725; x_wconf 90' lang='lat' dir='ltr'><strong>et</strong></span> <span class='ocrx_word' id='word_1_228' title='bbox 1725 1669 1807 1727; x_wconf 86' lang='lat' dir='ltr'><strong>ienai-</strong></span> <span class='ocrx_word' id='word_1_229' title='bbox 1833 1688 1839 1698; x_wconf 94' lang='lat'><em>·</em></span> 
     </span>
     <span class='ocr_line' id='line_1_17' title="bbox 182 1750 1808 1835; baseline 0.001 -19"><span class='ocrx_word' id='word_1_230' title='bbox 182 1751 277 1829; x_wconf 82' lang='lat' dir='ltr'><strong>moria,</strong></span> <span class='ocrx_word' id='word_1_231' title='bbox 292 1762 408 1819; x_wconf 79' lang='lat' dir='ltr'><strong>habeant</strong></span> <span class='ocrx_word' id='word_1_232' title='bbox 428 1771 515 1819; x_wconf 81' lang='lat' dir='ltr'><strong>tottam</strong></span> <span class='ocrx_word' id='word_1_233' title='bbox 534 1778 634 1820; x_wconf 88' lang='lat' dir='ltr'><strong>annum</strong></span> <span class='ocrx_word' id='word_1_234' title='bbox 653 1764 707 1832; x_wconf 72' lang='lat' dir='ltr'><strong>jugi</strong></span> <span class='ocrx_word' id='word_1_235' title='bbox 722 1765 862 1835; x_wconf 69' lang='lat' dir='ltr'><strong>praeseutia</strong></span> <span class='ocrx_word' id='word_1_236' title='bbox 875 1764 968 1835; x_wconf 72' lang='lat' dir='ltr'><strong>gratiae</strong></span> <span class='ocrx_word' id='word_1_237' title='bbox 986 1750 1006 1809; x_wconf 77' lang='grc' dir='ltr'><strong>Β</strong></span> <span class='ocrx_word' id='word_1_238' title='bbox 1021 1776 1063 1816; x_wconf 78' lang='lat' dir='ltr'><strong>um</strong></span> <span class='ocrx_word' id='word_1_239' title='bbox 1077 1760 1121 1832; x_wconf 79' lang='lat' dir='ltr'><strong>qui</strong></span> <span class='ocrx_word' id='word_1_240' title='bbox 1133 1775 1182 1831; x_wconf 88' lang='lat' dir='ltr'><strong>per</strong></span> <span class='ocrx_word' id='word_1_241' title='bbox 1201 1758 1260 1830; x_wconf 81' lang='lat' dir='ltr'><strong>ejus</strong></span> <span class='ocrx_word' id='word_1_242' title='bbox 1271 1759 1423 1816; x_wconf 87' lang='lat' dir='ltr'><strong>doctrinam</strong></span> <span class='ocrx_word' id='word_1_243' title='bbox 1437 1758 1579 1814; x_wconf 89' lang='lat' dir='ltr'><strong>illuminati</strong></span> <span class='ocrx_word' id='word_1_244' title='bbox 1593 1757 1709 1827; x_wconf 79' lang='lat' dir='ltr'><strong>lucrant,</strong></span> <span class='ocrx_word' id='word_1_245' title='bbox 1726 1774 1808 1817; x_wconf 84' lang='lat' dir='ltr'><strong>acne·</strong></span> 
     </span>
     <span class='ocr_line' id='line_1_18' title="bbox 182 1847 1808 1920; baseline 0.001 -16"><span class='ocrx_word' id='word_1_246' title='bbox 182 1858 234 1906; x_wconf 76' lang='lat' dir='ltr'><strong>tuce</strong></span> <span class='ocrx_word' id='word_1_247' title='bbox 246 1866 382 1920; x_wconf 81' lang='lat' dir='ltr'><strong>securum,</strong></span> <span class='ocrx_word' id='word_1_248' title='bbox 403 1868 453 1910; x_wconf 86' lang='lat' dir='ltr'><strong>uec</strong></span> <span class='ocrx_word' id='word_1_249' title='bbox 464 1852 505 1910; x_wconf 78' lang='lat' dir='ltr'><strong>ele</strong></span> <span class='ocrx_word' id='word_1_250' title='bbox 518 1853 671 1911; x_wconf 81' lang='lat' dir='ltr'><strong>dominetur</strong></span> <span class='ocrx_word' id='word_1_251' title='bbox 683 1853 833 1918; x_wconf 79' lang='lat' dir='ltr'><strong>intimuitas,</strong></span> <span class='ocrx_word' id='word_1_252' title='bbox 848 1868 899 1911; x_wconf 91' lang='lat' dir='ltr'><strong>uec</strong></span> <span class='ocrx_word' id='word_1_253' title='bbox 912 1869 969 1910; x_wconf 91' lang='lat' dir='ltr'><strong>mo·</strong></span> <span class='ocrx_word' id='word_1_254' title='bbox 1017 1859 1082 1906; x_wconf 88' lang='lat' dir='ltr'><strong>runt</strong></span> <span class='ocrx_word' id='word_1_255' title='bbox 1092 1859 1269 1920; x_wconf 74' lang='lat' dir='ltr'><strong>gemeutcsct</strong></span> <span class='ocrx_word' id='word_1_256' title='bbox 1282 1850 1419 1920; x_wconf 78' lang='lat' dir='ltr'><strong>plorantes</strong></span> <span class='ocrx_word' id='word_1_257' title='bbox 1433 1847 1467 1904; x_wconf 95' lang='lat' dir='ltr'><strong>ad</strong></span> <span class='ocrx_word' id='word_1_258' title='bbox 1482 1851 1590 1906; x_wconf 85' lang='lat' dir='ltr'><strong>beatum</strong></span> <span class='ocrx_word' id='word_1_259' title='bbox 1610 1864 1720 1920; x_wconf 82' lang='lat' dir='ltr'><strong>corpus.</strong></span> <span class='ocrx_word' id='word_1_260' title='bbox 1734 1849 1808 1906; x_wconf 89' lang='lat' dir='ltr'><strong>luter</strong></span> 
     </span>
     <span class='ocr_line' id='line_1_19' title="bbox 180 1939 1831 2016; baseline -0.003 -17"><span class='ocrx_word' id='word_1_261' title='bbox 180 1943 316 2002; x_wconf 85' lang='lat' dir='ltr'><strong>lestlarum</strong></span> <span class='ocrx_word' id='word_1_262' title='bbox 333 1944 484 2016; x_wconf 64' lang='lat' dir='ltr'><strong>inquietam</strong></span> <span class='ocrx_word' id='word_1_263' title='bbox 504 1945 552 2002; x_wconf 88' lang='lat' dir='ltr'><strong>sed</strong></span> <span class='ocrx_word' id='word_1_264' title='bbox 564 1946 600 2002; x_wconf 80' lang='lat' dir='ltr'><strong>sit</strong></span> <span class='ocrx_word' id='word_1_265' title='bbox 610 1946 650 2002; x_wconf 78' lang='lat' dir='ltr'><strong>eis</strong></span> <span class='ocrx_word' id='word_1_266' title='bbox 665 1945 842 2015; x_wconf 85' lang='lat' dir='ltr'><strong>tranquillitas</strong></span> <span class='ocrx_word' id='word_1_267' title='bbox 854 1945 927 2016; x_wconf 88' lang='lat' dir='ltr'><strong>pacis</strong></span> <span class='ocrx_word' id='word_1_268' title='bbox 940 1954 969 2003; x_wconf 90' lang='lat' dir='ltr'><strong>ct</strong></span> <span class='ocrx_word' id='word_1_269' title='bbox 1017 1955 1087 2011; x_wconf 80' lang='lat' dir='ltr'><strong>qnos</strong></span> <span class='ocrx_word' id='word_1_270' title='bbox 1100 1950 1159 1997; x_wconf 90' lang='lat' dir='ltr'><strong>erat</strong></span> <span class='ocrx_word' id='word_1_271' title='bbox 1171 1942 1297 2013; x_wconf 71' lang='lat' dir='ltr'><strong>predicta</strong></span> <span class='ocrx_word' id='word_1_272' title='bbox 1313 1950 1440 1998; x_wconf 87' lang='lat' dir='ltr'><strong>matrona·</strong></span> <span class='ocrx_word' id='word_1_273' title='bbox 1451 1939 1639 2010; x_wconf 75' lang='lat' dir='ltr'><strong>chraphaildis</strong></span> <span class='ocrx_word' id='word_1_274' title='bbox 1650 1951 1710 2010; x_wconf 78' lang='lat' dir='ltr'><strong>qiam</strong></span> <span class='ocrx_word' id='word_1_275' title='bbox 1724 1955 1806 2000; x_wconf 80' lang='lat' dir='ltr'><strong>rme·</strong></span> <span class='ocrx_word' id='word_1_276' title='bbox 1824 1982 1831 1994; x_wconf 84' lang='lat'>.</span> 
     </span>
     <span class='ocr_line' id='line_1_20' title="bbox 178 2030 1808 2106; baseline 0.001 -18"><span class='ocrx_word' id='word_1_277' title='bbox 178 2034 301 2092; x_wconf 82' lang='lat' dir='ltr'><strong>sanitatis</strong></span> <span class='ocrx_word' id='word_1_278' title='bbox 318 2043 347 2092; x_wconf 86' lang='lat' dir='ltr'><strong>et</strong></span> <span class='ocrx_word' id='word_1_279' title='bbox 368 2036 530 2100; x_wconf 80' lang='lat' dir='ltr'><strong>sobrietatis,</strong></span> <span class='ocrx_word' id='word_1_280' title='bbox 547 2051 607 2105; x_wconf 68' lang='lat' dir='ltr'><strong>uuae</strong></span> <span class='ocrx_word' id='word_1_281' title='bbox 628 2049 676 2091; x_wconf 86' lang='lat' dir='ltr'><strong>eos</strong></span> <span class='ocrx_word' id='word_1_282' title='bbox 696 2035 773 2092; x_wconf 79' lang='lat' dir='ltr'><strong>totos</strong></span> <span class='ocrx_word' id='word_1_283' title='bbox 787 2035 916 2106; x_wconf 87' lang='lat' dir='ltr'><strong>perducat</strong></span> <span class='ocrx_word' id='word_1_284' title='bbox 933 2035 968 2092; x_wconf 90' lang='lat' dir='ltr'><strong>ad</strong></span> <span class='ocrx_word' id='word_1_285' title='bbox 1017 2032 1129 2088; x_wconf 88' lang='lat' dir='ltr'><strong>rahileru</strong></span> <span class='ocrx_word' id='word_1_286' title='bbox 1144 2033 1230 2088; x_wconf 80' lang='lat' dir='ltr'><strong>airum</strong></span> <span class='ocrx_word' id='word_1_287' title='bbox 1256 2032 1304 2088; x_wconf 80' lang='lat' dir='ltr'><strong>liei</strong></span> <span class='ocrx_word' id='word_1_288' title='bbox 1328 2033 1354 2087; x_wconf 89' lang='lat' dir='ltr'><strong>iu</strong></span> <span class='ocrx_word' id='word_1_289' title='bbox 1378 2032 1523 2102; x_wconf 88' lang='lat' dir='ltr'><strong>hospitium</strong></span> <span class='ocrx_word' id='word_1_290' title='bbox 1544 2030 1675 2097; x_wconf 60' lang='lat' dir='ltr'><strong>habehat,</strong></span> <span class='ocrx_word' id='word_1_291' title='bbox 1698 2039 1728 2087; x_wconf 89' lang='lat' dir='ltr'><strong>et</strong></span> <span class='ocrx_word' id='word_1_292' title='bbox 1749 2035 1808 2089; x_wconf 84' lang='lat' dir='ltr'><strong>suis</strong></span> 
     </span>
     <span class='ocr_line' id='line_1_21' title="bbox 177 2121 1802 2204; baseline 0.002 -27"><span class='ocrx_word' id='word_1_293' title='bbox 177 2136 288 2194; x_wconf 66' lang='lat' dir='ltr'><strong>reguum</strong></span> <span class='ocrx_word' id='word_1_294' title='bbox 302 2123 394 2194; x_wconf 71' lang='lat' dir='ltr'><strong>glorie</strong></span> <span class='ocrx_word' id='word_1_295' title='bbox 408 2132 471 2191; x_wconf 68' lang='lat' dir='ltr'><strong>tuce,</strong></span> <span class='ocrx_word' id='word_1_296' title='bbox 493 2132 590 2196; x_wconf 75' lang='lat' dir='ltr'><strong>presta</strong></span> <span class='ocrx_word' id='word_1_297' title='bbox 613 2124 659 2195; x_wconf 84' lang='lat' dir='ltr'><strong>qui</strong></span> <span class='ocrx_word' id='word_1_298' title='bbox 673 2123 783 2180; x_wconf 84' lang='lat' dir='ltr'><strong>viriset</strong></span> <span class='ocrx_word' id='word_1_299' title='bbox 796 2137 895 2194; x_wconf 71' lang='lat' dir='ltr'><strong>regnas</strong></span> <span class='ocrx_word' id='word_1_300' title='bbox 914 2138 967 2180; x_wconf 88' lang='lat' dir='ltr'><strong>una</strong></span> <span class='ocrx_word' id='word_1_301' title='bbox 1017 2137 1078 2179; x_wconf 88' lang='lat' dir='ltr'><strong>eum</strong></span> <span class='ocrx_word' id='word_1_302' title='bbox 1092 2124 1187 2192; x_wconf 80' lang='lat' dir='ltr'><strong>opihus</strong></span> <span class='ocrx_word' id='word_1_303' title='bbox 1198 2123 1372 2204; x_wconf 74' lang='lat' dir='ltr'><strong>devotiotione</strong></span> <span class='ocrx_word' id='word_1_304' title='bbox 1385 2122 1555 2189; x_wconf 81' lang='lat' dir='ltr'><strong>coniorelrat,</strong></span> <span class='ocrx_word' id='word_1_305' title='bbox 1569 2137 1661 2178; x_wconf 86' lang='lat' dir='ltr'><strong>secum</strong></span> <span class='ocrx_word' id='word_1_306' title='bbox 1674 2121 1802 2180; x_wconf 77' lang='lat' dir='ltr'><strong>lereueiu</strong></span> 
     </span>
     <span class='ocr_line' id='line_1_22' title="bbox 177 2211 1803 2293; baseline 0.001 -25"><span class='ocrx_word' id='word_1_307' title='bbox 177 2227 237 2269; x_wconf 85' lang='lat' dir='ltr'><strong>cum</strong></span> <span class='ocrx_word' id='word_1_308' title='bbox 252 2212 320 2269; x_wconf 76' lang='lat' dir='ltr'><strong>Filio</strong></span> <span class='ocrx_word' id='word_1_309' title='bbox 343 2221 390 2270; x_wconf 90' lang='lat' dir='ltr'><strong>tuo</strong></span> <span class='ocrx_word' id='word_1_310' title='bbox 413 2213 527 2270; x_wconf 86' lang='lat' dir='ltr'><strong>homino</strong></span> <span class='ocrx_word' id='word_1_311' title='bbox 541 2213 605 2270; x_wconf 81' lang='lat' dir='ltr'><strong>iesu</strong></span> <span class='ocrx_word' id='word_1_312' title='bbox 618 2211 726 2271; x_wconf 84' lang='lat' dir='ltr'><strong>Christo</strong></span> <span class='ocrx_word' id='word_1_313' title='bbox 745 2224 849 2272; x_wconf 88' lang='lat' dir='ltr'><strong>etcum</strong></span> <span class='ocrx_word' id='word_1_314' title='bbox 865 2216 966 2289; x_wconf 88' lang='lat' dir='ltr'><strong>Spiritu</strong></span> <span class='ocrx_word' id='word_1_315' title='bbox 1015 2214 1138 2271; x_wconf 74' lang='lat' dir='ltr'><strong>manibus·</strong></span> <span class='ocrx_word' id='word_1_316' title='bbox 1153 2215 1293 2285; x_wconf 88' lang='lat' dir='ltr'><strong>puemlum</strong></span> <span class='ocrx_word' id='word_1_317' title='bbox 1306 2229 1388 2284; x_wconf 83' lang='lat' dir='ltr'><strong>quem</strong></span> <span class='ocrx_word' id='word_1_318' title='bbox 1402 2214 1459 2284; x_wconf 79' lang='lat' dir='ltr'><strong>ipse</strong></span> <span class='ocrx_word' id='word_1_319' title='bbox 1468 2220 1803 2293; x_wconf 77' lang='lat' dir='ltr'><strong>sanctusmartyruuper·</strong></span> 
     </span>
     <span class='ocr_line' id='line_1_23' title="bbox 176 2301 1804 2376; baseline 0.004 -22"><span class='ocrx_word' id='word_1_320' title='bbox 176 2311 282 2370; x_wconf 70' lang='lat' dir='ltr'><strong>roomo,</strong></span> <span class='ocrx_word' id='word_1_321' title='bbox 297 2317 347 2374; x_wconf 89' lang='lat' dir='ltr'><strong>per</strong></span> <span class='ocrx_word' id='word_1_322' title='bbox 359 2303 451 2360; x_wconf 87' lang='lat' dir='ltr'><strong>omuia</strong></span> <span class='ocrx_word' id='word_1_323' title='bbox 464 2303 562 2361; x_wconf 78' lang='lat' dir='ltr'><strong>sucula</strong></span> <span class='ocrx_word' id='word_1_324' title='bbox 573 2303 742 2360; x_wconf 71' lang='lat' dir='ltr'><strong>saeculorum.</strong></span> <span class='ocrx_word' id='word_1_325' title='bbox 759 2304 967 2376; x_wconf 82' lang='lat' dir='ltr'><strong>Responderunt</strong></span> <span class='ocrx_word' id='word_1_326' title='bbox 1015 2306 1083 2358; x_wconf 90' lang='lat' dir='ltr'><strong>rime</strong></span> <span class='ocrx_word' id='word_1_327' title='bbox 1108 2303 1142 2358; x_wconf 93' lang='lat' dir='ltr'><strong>de</strong></span> <span class='ocrx_word' id='word_1_328' title='bbox 1163 2319 1240 2360; x_wconf 81' lang='lat' dir='ltr'><strong>sacro</strong></span> <span class='ocrx_word' id='word_1_329' title='bbox 1263 2301 1337 2358; x_wconf 89' lang='lat' dir='ltr'><strong>loute</strong></span> <span class='ocrx_word' id='word_1_330' title='bbox 1359 2302 1467 2367; x_wconf 79' lang='lat' dir='ltr'><strong>levarit.</strong></span> <span class='ocrx_word' id='word_1_331' title='bbox 1491 2303 1631 2372; x_wconf 84' lang='lat' dir='ltr'><strong>impunem</strong></span> <span class='ocrx_word' id='word_1_332' title='bbox 1653 2302 1680 2358; x_wconf 82' lang='lat' dir='ltr'><strong>oi</strong></span> <span class='ocrx_word' id='word_1_333' title='bbox 1704 2318 1804 2361; x_wconf 84' lang='lat' dir='ltr'><strong>nornen</strong></span> 
     </span>
     <span class='ocr_line' id='line_1_24' title="bbox 176 2392 1803 2464; baseline 0.002 -18"><span class='ocrx_word' id='word_1_334' title='bbox 176 2392 301 2462; x_wconf 88' lang='lat' dir='ltr'><strong>discipuli</strong></span> <span class='ocrx_word' id='word_1_335' title='bbox 318 2392 377 2463; x_wconf 79' lang='lat' dir='ltr'><strong>eiua</strong></span> <span class='ocrx_word' id='word_1_336' title='bbox 392 2408 454 2449; x_wconf 89' lang='lat' dir='ltr'><strong>cum</strong></span> <span class='ocrx_word' id='word_1_337' title='bbox 475 2393 624 2449; x_wconf 79' lang='lat' dir='ltr'><strong>astantihm¹</strong></span> <span class='ocrx_word' id='word_1_338' title='bbox 639 2393 771 2462; x_wconf 84' lang='lat' dir='ltr'><strong>illelihus,</strong></span> <span class='ocrx_word' id='word_1_339' title='bbox 786 2395 880 2450; x_wconf 75' lang='lat' dir='ltr'><strong>Amen.</strong></span> <span class='ocrx_word' id='word_1_340' title='bbox 897 2394 966 2452; x_wconf 75' lang='lat' dir='ltr'><strong>Ecce</strong></span> <span class='ocrx_word' id='word_1_341' title='bbox 1015 2393 1141 2463; x_wconf 64' lang='lat' dir='ltr'><strong>Brittios,</strong></span> <span class='ocrx_word' id='word_1_342' title='bbox 1157 2394 1285 2451; x_wconf 88' lang='lat' dir='ltr'><strong>adhuoiu</strong></span> <span class='ocrx_word' id='word_1_343' title='bbox 1299 2393 1387 2450; x_wconf 80' lang='lat' dir='ltr'><strong>alliis:</strong></span> <span class='ocrx_word' id='word_1_344' title='bbox 1403 2401 1641 2464; x_wconf 76' lang='lat' dir='ltr'><strong>uuaeauteouues</strong></span> <span class='ocrx_word' id='word_1_345' title='bbox 1655 2394 1723 2450; x_wconf 86' lang='lat' dir='ltr'><strong>alios</strong></span> <span class='ocrx_word' id='word_1_346' title='bbox 1737 2409 1803 2452; x_wconf 84' lang='lat' dir='ltr'><strong>eru·</strong></span> 
     </span>
     <span class='ocr_line' id='line_1_25' title="bbox 178 2481 1798 2558; baseline 0.001 -19"><span class='ocrx_word' id='word_1_347' title='bbox 178 2499 230 2539; x_wconf 83' lang='lat' dir='ltr'><strong>rua</strong></span> <span class='ocrx_word' id='word_1_348' title='bbox 249 2481 376 2540; x_wconf 80' lang='lat' dir='ltr'><strong>divinitus</strong></span> <span class='ocrx_word' id='word_1_349' title='bbox 395 2485 492 2540; x_wconf 82' lang='lat' dir='ltr'><strong>emissa</strong></span> <span class='ocrx_word' id='word_1_350' title='bbox 508 2501 515 2538; x_wconf 76' lang='grc' dir='ltr'>ε</span> <span class='ocrx_word' id='word_1_351' title='bbox 531 2484 566 2539; x_wconf 89' lang='lat' dir='ltr'><strong>lli</strong></span> <span class='ocrx_word' id='word_1_352' title='bbox 587 2483 696 2552; x_wconf 84' lang='lat' dir='ltr'><strong>dilecte,</strong></span> <span class='ocrx_word' id='word_1_353' title='bbox 713 2485 807 2556; x_wconf 84' lang='lat' dir='ltr'><strong>iuquit,</strong></span> <span class='ocrx_word' id='word_1_354' title='bbox 829 2499 910 2554; x_wconf 86' lang='lat' dir='ltr'><strong>super</strong></span> <span class='ocrx_word' id='word_1_355' title='bbox 923 2486 965 2542; x_wconf 88' lang='lat' dir='ltr'><strong>his</strong></span> <span class='ocrx_word' id='word_1_356' title='bbox 1014 2485 1052 2555; x_wconf 86' lang='lat' dir='ltr'><strong>pit</strong></span> <span class='ocrx_word' id='word_1_357' title='bbox 1073 2485 1099 2539; x_wconf 92' lang='lat' dir='ltr'><strong>iu</strong></span> <span class='ocrx_word' id='word_1_358' title='bbox 1120 2483 1320 2558; x_wconf 75' lang='lat' dir='ltr'><strong>lacrymabilem</strong></span> <span class='ocrx_word' id='word_1_359' title='bbox 1333 2499 1427 2541; x_wconf 85' lang='lat' dir='ltr'><strong>rocem</strong></span> <span class='ocrx_word' id='word_1_360' title='bbox 1450 2484 1543 2541; x_wconf 86' lang='lat' dir='ltr'><strong>dicem</strong></span> <span class='ocrx_word' id='word_1_361' title='bbox 1560 2502 1567 2538; x_wconf 92' lang='lat'>:</span> <span class='ocrx_word' id='word_1_362' title='bbox 1584 2484 1695 2540; x_wconf 82' lang='lat' dir='ltr'><strong>Beatum</strong></span> <span class='ocrx_word' id='word_1_363' title='bbox 1709 2485 1798 2540; x_wconf 83' lang='lat' dir='ltr'><strong>airum</strong></span> 
     </span>
     <span class='ocr_line' id='line_1_26' title="bbox 177 2574 1800 2646; baseline 0.002 -17"><span class='ocrx_word' id='word_1_364' title='bbox 177 2574 301 2630; x_wconf 84' lang='lat' dir='ltr'><strong>omnihus</strong></span> <span class='ocrx_word' id='word_1_365' title='bbox 312 2588 373 2643; x_wconf 76' lang='lat' dir='ltr'><strong>quac</strong></span> <span class='ocrx_word' id='word_1_366' title='bbox 386 2574 501 2646; x_wconf 71' lang='lat' dir='ltr'><strong>henigne</strong></span> <span class='ocrx_word' id='word_1_367' title='bbox 512 2574 640 2646; x_wconf 84' lang='lat' dir='ltr'><strong>exorasti,</strong></span> <span class='ocrx_word' id='word_1_368' title='bbox 652 2575 722 2633; x_wconf 78' lang='lat' dir='ltr'><strong>adas</strong></span> <span class='ocrx_word' id='word_1_369' title='bbox 736 2583 763 2631; x_wconf 92' lang='lat' dir='ltr'><strong>te</strong></span> <span class='ocrx_word' id='word_1_370' title='bbox 777 2575 870 2646; x_wconf 88' lang='lat' dir='ltr'><strong>procul</strong></span> <span class='ocrx_word' id='word_1_371' title='bbox 882 2575 964 2633; x_wconf 88' lang='lat' dir='ltr'><strong>dublo</strong></span> <span class='ocrx_word' id='word_1_372' title='bbox 1013 2574 1221 2631; x_wconf 82' lang='lat' dir='ltr'><strong>illuminatorem</strong></span> <span class='ocrx_word' id='word_1_373' title='bbox 1234 2575 1327 2646; x_wconf 73' lang='lat' dir='ltr'><strong>patriae</strong></span> <span class='ocrx_word' id='word_1_374' title='bbox 1337 2575 1508 2632; x_wconf 86' lang='lat' dir='ltr'><strong>innocentem</strong></span> <span class='ocrx_word' id='word_1_375' title='bbox 1523 2575 1800 2644; x_wconf 61' lang='lat' dir='ltr'><strong>mercinensium</strong></span> 
     </span>
     <span class='ocr_line' id='line_1_27' title="bbox 176 2664 1798 2722; baseline 0.002 -3"><span class='ocrx_word' id='word_1_376' title='bbox 176 2664 342 2720; x_wconf 73' lang='lat' dir='ltr'><strong>mauditum.</strong></span> <span class='ocrx_word' id='word_1_377' title='bbox 1012 2665 1148 2722; x_wconf 84' lang='lat' dir='ltr'><strong>crudelem</strong></span> <span class='ocrx_word' id='word_1_378' title='bbox 1169 2673 1284 2721; x_wconf 87' lang='lat' dir='ltr'><strong>mortem</strong></span> <span class='ocrx_word' id='word_1_379' title='bbox 1303 2666 1445 2722; x_wconf 79' lang='lat' dir='ltr'><strong>sustinere.</strong></span> <span class='ocrx_word' id='word_1_380' title='bbox 1473 2664 1548 2721; x_wconf 87' lang='lat' dir='ltr'><strong>Tunc</strong></span> <span class='ocrx_word' id='word_1_381' title='bbox 1567 2665 1676 2722; x_wconf 74' lang='lat' dir='ltr'><strong>satelles</strong></span> <span class='ocrx_word' id='word_1_382' title='bbox 1689 2665 1798 2722; x_wconf 72' lang='lat' dir='ltr'><strong>Satanae</strong></span> 
     </span>
     <span class='ocr_line' id='line_1_28' title="bbox 210 2754 1798 2827; baseline 0.001 -17"><span class='ocrx_word' id='word_1_383' title='bbox 210 2754 256 2810; x_wconf 78' lang='lat' dir='ltr'><strong>tt.</strong></span> <span class='ocrx_word' id='word_1_384' title='bbox 288 2754 377 2824; x_wconf 78' lang='lat' dir='ltr'><strong>Cupite</strong></span> <span class='ocrx_word' id='word_1_385' title='bbox 403 2757 554 2827; x_wconf 82' lang='lat' dir='ltr'><strong>percutitur.</strong></span> <span class='ocrx_word' id='word_1_386' title='bbox 582 2756 705 2813; x_wconf 75' lang='lat' dir='ltr'><strong>Posthmc</strong></span> <span class='ocrx_word' id='word_1_387' title='bbox 730 2757 963 2814; x_wconf 83' lang='lat' dir='ltr'><strong>constantissimus</strong></span> <span class='ocrx_word' id='word_1_388' title='bbox 1012 2754 1522 2827; x_wconf 67' lang='lat' dir='ltr'><strong>walbertcoadiaholoinflammatus.</strong></span> <span class='ocrx_word' id='word_1_389' title='bbox 1543 2755 1663 2812; x_wconf 83' lang='lat' dir='ltr'><strong>insiliens</strong></span> <span class='ocrx_word' id='word_1_390' title='bbox 1683 2756 1798 2821; x_wconf 84' lang='lat' dir='ltr'><strong>ineam.</strong></span> 
     </span>
     <span class='ocr_line' id='line_1_29' title="bbox 175 2842 1798 2918; baseline 0.001 -18"><span class='ocrx_word' id='word_1_391' title='bbox 175 2852 279 2916; x_wconf 70' lang='lat' dir='ltr'><strong>martyr</strong></span> <span class='ocrx_word' id='word_1_392' title='bbox 289 2842 388 2902; x_wconf 78' lang='lat' dir='ltr'><strong>Christi</strong></span> <span class='ocrx_word' id='word_1_393' title='bbox 401 2854 429 2901; x_wconf 93' lang='lat' dir='ltr'><strong>et</strong></span> <span class='ocrx_word' id='word_1_394' title='bbox 441 2846 595 2918; x_wconf 81' lang='lat' dir='ltr'><strong>triumphat·</strong></span> <span class='ocrx_word' id='word_1_395' title='bbox 606 2847 787 2915; x_wconf 73' lang='lat' dir='ltr'><strong>ruraguillcus</strong></span> <span class='ocrx_word' id='word_1_396' title='bbox 801 2847 961 2905; x_wconf 83' lang='lat' dir='ltr'><strong>hiriuuedi·</strong></span> <span class='ocrx_word' id='word_1_397' title='bbox 1011 2847 1156 2917; x_wconf 81' lang='lat' dir='ltr'><strong>bipennula</strong></span> <span class='ocrx_word' id='word_1_398' title='bbox 1176 2860 1225 2901; x_wconf 88' lang='lat' dir='ltr'><strong>sna</strong></span> <span class='ocrx_word' id='word_1_399' title='bbox 1243 2855 1326 2916; x_wconf 88' lang='lat' dir='ltr'><strong>caput</strong></span> <span class='ocrx_word' id='word_1_400' title='bbox 1342 2845 1402 2917; x_wconf 76' lang='lat' dir='ltr'><strong>ejus</strong></span> <span class='ocrx_word' id='word_1_401' title='bbox 1415 2861 1465 2917; x_wconf 91' lang='lat' dir='ltr'><strong>per</strong></span> <span class='ocrx_word' id='word_1_402' title='bbox 1488 2846 1603 2902; x_wconf 89' lang='lat' dir='ltr'><strong>medium</strong></span> <span class='ocrx_word' id='word_1_403' title='bbox 1617 2847 1721 2914; x_wconf 84' lang='lat' dir='ltr'><strong>secuit;</strong></span> <span class='ocrx_word' id='word_1_404' title='bbox 1736 2856 1798 2917; x_wconf 75' lang='lat' dir='ltr'><strong>qum</strong></span> 
     </span>
     <span class='ocr_line' id='line_1_30' title="bbox 175 2934 1799 3008; baseline 0.004 -20"><span class='ocrx_word' id='word_1_405' title='bbox 175 2935 691 2994; x_wconf 84' lang='lat' dir='ltr'><strong>rinoauxiliomhoratusdesceuditad</strong></span> <span class='ocrx_word' id='word_1_406' title='bbox 705 2937 958 3006; x_wconf 86' lang='lat' dir='ltr'><strong>eos‚etdixitillis:</strong></span> <span class='ocrx_word' id='word_1_407' title='bbox 1011 2938 1103 2995; x_wconf 86' lang='lat' dir='ltr'><strong>statim</strong></span> <span class='ocrx_word' id='word_1_408' title='bbox 1117 2936 1261 3008; x_wconf 79' lang='lat' dir='ltr'><strong>expiravit.</strong></span> <span class='ocrx_word' id='word_1_409' title='bbox 1278 2934 1442 2991; x_wconf 80' lang='lat' dir='ltr'><strong>infantulum</strong></span> <span class='ocrx_word' id='word_1_410' title='bbox 1453 2944 1543 2992; x_wconf 82' lang='lat' dir='ltr'><strong>autem</strong></span> <span class='ocrx_word' id='word_1_411' title='bbox 1566 2950 1616 3006; x_wconf 89' lang='lat' dir='ltr'><strong>per</strong></span> <span class='ocrx_word' id='word_1_412' title='bbox 1629 2945 1684 2993; x_wconf 87' lang='lat' dir='ltr'><strong>tres</strong></span> <span class='ocrx_word' id='word_1_413' title='bbox 1706 2947 1799 3008; x_wconf 78' lang='lat' dir='ltr'><strong>partes</strong></span> 
     </span>
     <span class='ocr_line' id='line_1_31' title="bbox 175 3025 1797 3102; baseline 0.004 -23"><span class='ocrx_word' id='word_1_414' title='bbox 175 3025 284 3082; x_wconf 74' lang='lat' dir='ltr'><strong>Fratres</strong></span> <span class='ocrx_word' id='word_1_415' title='bbox 297 3026 525 3093; x_wconf 66' lang='lat' dir='ltr'><strong>insimularint,</strong></span> <span class='ocrx_word' id='word_1_416' title='bbox 547 3034 607 3082; x_wconf 87' lang='lat' dir='ltr'><strong>asto</strong></span> <span class='ocrx_word' id='word_1_417' title='bbox 621 3026 708 3082; x_wconf 86' lang='lat' dir='ltr'><strong>hostia</strong></span> <span class='ocrx_word' id='word_1_418' title='bbox 720 3027 792 3096; x_wconf 71' lang='lat' dir='ltr'><strong>regis</strong></span> <span class='ocrx_word' id='word_1_419' title='bbox 804 3025 899 3094; x_wconf 77' lang='lat' dir='ltr'><strong>aeterni</strong></span> <span class='ocrx_word' id='word_1_420' title='bbox 910 3042 960 3081; x_wconf 88' lang='lat' dir='ltr'><strong>ro·</strong></span> <span class='ocrx_word' id='word_1_421' title='bbox 1011 3030 1108 3100; x_wconf 82' lang='lat' dir='ltr'><strong>secuit,</strong></span> <span class='ocrx_word' id='word_1_422' title='bbox 1129 3043 1197 3101; x_wconf 79' lang='lat' dir='ltr'><strong>quas</strong></span> <span class='ocrx_word' id='word_1_423' title='bbox 1208 3028 1287 3099; x_wconf 78' lang='lat' dir='ltr'><strong>iuxta</strong></span> <span class='ocrx_word' id='word_1_424' title='bbox 1311 3042 1411 3099; x_wconf 84' lang='lat' dir='ltr'><strong>corpus</strong></span> <span class='ocrx_word' id='word_1_425' title='bbox 1433 3027 1505 3084; x_wconf 87' lang='lat' dir='ltr'><strong>beati</strong></span> <span class='ocrx_word' id='word_1_426' title='bbox 1530 3030 1655 3102; x_wconf 81' lang='lat' dir='ltr'><strong>martyris</strong></span> <span class='ocrx_word' id='word_1_427' title='bbox 1669 3029 1797 3100; x_wconf 81' lang='lat' dir='ltr'><strong>projecit.</strong></span> 
     </span>
     <span class='ocr_line' id='line_1_32' title="bbox 176 3088 1799 3190; baseline 0.002 -19"><span class='ocrx_word' id='word_1_428' title='bbox 176 3117 265 3172; x_wconf 79' lang='lat' dir='ltr'><strong>cautla</strong></span> <span class='ocrx_word' id='word_1_429' title='bbox 276 3131 331 3183; x_wconf 86' lang='lat' dir='ltr'><strong>rue,</strong></span> <span class='ocrx_word' id='word_1_430' title='bbox 346 3119 489 3186; x_wconf 76' lang='lat' dir='ltr'><strong>praestolor</strong></span> <span class='ocrx_word' id='word_1_431' title='bbox 501 3116 612 3187; x_wconf 67' lang='lat' dir='ltr'><strong>gloriam</strong></span> <span class='ocrx_word' id='word_1_432' title='bbox 626 3130 707 3188; x_wconf 85' lang='lat' dir='ltr'><strong>quam</strong></span> <span class='ocrx_word' id='word_1_433' title='bbox 720 3116 785 3172; x_wconf 83' lang='lat' dir='ltr'><strong>milii</strong></span> <span class='ocrx_word' id='word_1_434' title='bbox 800 3115 960 3189; x_wconf 72' lang='lat' dir='ltr'><strong>preparavit</strong></span> <span class='ocrx_word' id='word_1_435' title='bbox 973 3088 997 3152; x_wconf 73' lang='lat' dir='ltr'>C</span> <span class='ocrx_word' id='word_1_436' title='bbox 1011 3119 1194 3178; x_wconf 82' lang='lat' dir='ltr'><strong>certissimum</strong></span> <span class='ocrx_word' id='word_1_437' title='bbox 1206 3120 1278 3176; x_wconf 89' lang='lat' dir='ltr'><strong>euim</strong></span> <span class='ocrx_word' id='word_1_438' title='bbox 1288 3119 1408 3176; x_wconf 88' lang='lat' dir='ltr'><strong>creditur</strong></span> <span class='ocrx_word' id='word_1_439' title='bbox 1420 3133 1469 3174; x_wconf 86' lang='lat' dir='ltr'><strong>eos</strong></span> <span class='ocrx_word' id='word_1_440' title='bbox 1488 3119 1588 3175; x_wconf 85' lang='lat' dir='ltr'><strong>hahere</strong></span> <span class='ocrx_word' id='word_1_441' title='bbox 1598 3118 1711 3190; x_wconf 76' lang='lat' dir='ltr'><strong>gloriam</strong></span> <span class='ocrx_word' id='word_1_442' title='bbox 1725 3135 1799 3176; x_wconf 88' lang='lat' dir='ltr'><strong>mar·</strong></span> 
     </span>
     <span class='ocr_line' id='line_1_33' title="bbox 174 3203 1795 3282; baseline -0.001 -16"><span class='ocrx_word' id='word_1_443' title='bbox 174 3204 201 3259; x_wconf 85' lang='lat' dir='ltr'><strong>in</strong></span> <span class='ocrx_word' id='word_1_444' title='bbox 216 3204 423 3261; x_wconf 73' lang='lat' dir='ltr'><strong>milezadsuut</strong></span> <span class='ocrx_word' id='word_1_445' title='bbox 445 3211 475 3261; x_wconf 79' lang='lat' dir='ltr'><strong>er</strong></span> <span class='ocrx_word' id='word_1_446' title='bbox 496 3204 584 3274; x_wconf 78' lang='lat' dir='ltr'><strong>aureli</strong></span> <span class='ocrx_word' id='word_1_447' title='bbox 609 3203 668 3273; x_wconf 82' lang='lat' dir='ltr'><strong>eius</strong></span> <span class='ocrx_word' id='word_1_448' title='bbox 694 3205 880 3276; x_wconf 71' lang='lat' dir='ltr'><strong>prestolantes</strong></span> <span class='ocrx_word' id='word_1_449' title='bbox 905 3219 958 3260; x_wconf 78' lang='lat' dir='ltr'><strong>mc.</strong></span> <span class='ocrx_word' id='word_1_450' title='bbox 1011 3212 1072 3282; x_wconf 71' lang='lat' dir='ltr'><strong>tyrii</strong></span> <span class='ocrx_word' id='word_1_451' title='bbox 1085 3211 1113 3268; x_wconf 87' lang='lat' dir='ltr'><strong>tu</strong></span> <span class='ocrx_word' id='word_1_452' title='bbox 1126 3219 1201 3267; x_wconf 79' lang='lat' dir='ltr'><strong>sorte</strong></span> <span class='ocrx_word' id='word_1_453' title='bbox 1212 3210 1357 3267; x_wconf 76' lang='lat' dir='ltr'><strong>venenum</strong></span> <span class='ocrx_word' id='word_1_454' title='bbox 1371 3208 1547 3281; x_wconf 71' lang='lat' dir='ltr'><strong>perducire</strong></span> <span class='ocrx_word' id='word_1_455' title='bbox 1560 3210 1685 3282; x_wconf 78' lang='lat' dir='ltr'><strong>martyris</strong></span> <span class='ocrx_word' id='word_1_456' title='bbox 1698 3208 1795 3265; x_wconf 79' lang='grc' dir='ltr'>ιιιιιιι.</span> 
     </span>
     <span class='ocr_line' id='line_1_34' title="bbox 181 3292 1798 3373; baseline -0.004 -13"><span class='ocrx_word' id='word_1_457' title='bbox 181 3294 274 3350; x_wconf 61' lang='lat' dir='ltr'><strong>*3⁸¹⁰st</strong></span> <span class='ocrx_word' id='word_1_458' title='bbox 286 3293 387 3361; x_wconf 61' lang='grc' dir='ltr'><strong>ῐθῐῑθ.</strong></span> <span class='ocrx_word' id='word_1_459' title='bbox 414 3303 443 3351; x_wconf 63' lang='lat' dir='ltr'><strong>Oi</strong></span> <span class='ocrx_word' id='word_1_460' title='bbox 464 3293 564 3366; x_wconf 58' lang='lat' dir='ltr'><strong>liquid</strong></span> <span class='ocrx_word' id='word_1_461' title='bbox 576 3293 811 3360; x_wconf 60' lang='lat' dir='ltr'><strong>defuffllvltibllh</strong></span> <span class='ocrx_word' id='word_1_462' title='bbox 835 3292 960 3364; x_wconf 65' lang='grc'><strong>1111111(111</strong></span> <span class='ocrx_word' id='word_1_463' title='bbox 1010 3302 1138 3373; x_wconf 83' lang='lat' dir='ltr'><strong>liiecipuii</strong></span> <span class='ocrx_word' id='word_1_464' title='bbox 1152 3316 1218 3358; x_wconf 87' lang='lat' dir='ltr'><strong>rcro</strong></span> <span class='ocrx_word' id='word_1_465' title='bbox 1232 3300 1352 3357; x_wconf 89' lang='lat' dir='ltr'><strong>tulerunt</strong></span> <span class='ocrx_word' id='word_1_466' title='bbox 1374 3314 1474 3371; x_wconf 80' lang='lat' dir='ltr'><strong>corpus</strong></span> <span class='ocrx_word' id='word_1_467' title='bbox 1495 3300 1533 3371; x_wconf 92' lang='lat' dir='ltr'><strong>pii</strong></span> <span class='ocrx_word' id='word_1_468' title='bbox 1557 3299 1677 3370; x_wconf 66' lang='lat' dir='ltr'><strong>magistri</strong></span> <span class='ocrx_word' id='word_1_469' title='bbox 1691 3309 1719 3355; x_wconf 86' lang='lat' dir='ltr'><strong>ct</strong></span> <span class='ocrx_word' id='word_1_470' title='bbox 1735 3315 1798 3370; x_wconf 88' lang='lat' dir='ltr'><strong>par·</strong></span> 
     </span>
     <span class='ocr_line' id='line_1_35' title="bbox 174 3383 1795 3462; baseline 0.004 -24"><span class='ocrx_word' id='word_1_471' title='bbox 174 3393 264 3441; x_wconf 78' lang='lat' dir='ltr'><strong>vestra</strong></span> <span class='ocrx_word' id='word_1_472' title='bbox 276 3385 421 3442; x_wconf 80' lang='lat' dir='ltr'><strong>crudelitas</strong></span> <span class='ocrx_word' id='word_1_473' title='bbox 434 3387 461 3441; x_wconf 90' lang='lat' dir='ltr'><strong>iu</strong></span> <span class='ocrx_word' id='word_1_474' title='bbox 479 3386 604 3457; x_wconf 76' lang='lat' dir='ltr'><strong>passione</strong></span> <span class='ocrx_word' id='word_1_475' title='bbox 614 3391 693 3442; x_wconf 70' lang='lat' dir='ltr'><strong>&#39;mec</strong></span> <span class='ocrx_word' id='word_1_476' title='bbox 709 3385 755 3441; x_wconf 86' lang='lat' dir='ltr'><strong>lsti</strong></span> <span class='ocrx_word' id='word_1_477' title='bbox 768 3385 884 3442; x_wconf 75' lang='lat' dir='ltr'><strong>comites</strong></span> <span class='ocrx_word' id='word_1_478' title='bbox 904 3383 958 3441; x_wconf 70' lang='lat' dir='ltr'><strong>mei</strong></span> <span class='ocrx_word' id='word_1_479' title='bbox 1008 3401 1050 3450; x_wconf 82' lang='lat' dir='ltr'><strong>tes</strong></span> <span class='ocrx_word' id='word_1_480' title='bbox 1074 3392 1109 3448; x_wconf 90' lang='lat' dir='ltr'><strong>de</strong></span> <span class='ocrx_word' id='word_1_481' title='bbox 1120 3389 1282 3462; x_wconf 79' lang='lat' dir='ltr'><strong>corpusculo</strong></span> <span class='ocrx_word' id='word_1_482' title='bbox 1296 3389 1430 3456; x_wconf 73' lang='lat' dir='ltr'><strong>infantuli,</strong></span> <span class='ocrx_word' id='word_1_483' title='bbox 1445 3399 1473 3446; x_wconf 87' lang='lat' dir='ltr'><strong>ot</strong></span> <span class='ocrx_word' id='word_1_484' title='bbox 1488 3397 1637 3462; x_wconf 83' lang='lat' dir='ltr'><strong>posueruut</strong></span> <span class='ocrx_word' id='word_1_485' title='bbox 1649 3389 1752 3459; x_wconf 87' lang='lat' dir='ltr'><strong>pariter</strong></span> <span class='ocrx_word' id='word_1_486' title='bbox 1765 3388 1795 3445; x_wconf 87' lang='lat' dir='ltr'><strong>iu</strong></span> 
     </span>
     <span class='ocr_line' id='line_1_36' title="bbox 175 3478 1800 3553; baseline 0.001 -19"><span class='ocrx_word' id='word_1_487' title='bbox 175 3478 429 3548; x_wconf 79' lang='lat' dir='ltr'><strong>oreeChristiaunt3</strong></span> <span class='ocrx_word' id='word_1_488' title='bbox 444 3481 570 3552; x_wconf 82' lang='lat' dir='ltr'><strong>petoillis</strong></span> <span class='ocrx_word' id='word_1_489' title='bbox 582 3481 959 3553; x_wconf 76' lang='lat' dir='ltr'><strong>pacemnemiuemuuquam</strong></span> <span class='ocrx_word' id='word_1_490' title='bbox 1008 3492 1186 3540; x_wconf 78' lang='lat' dir='ltr'><strong>monumento</strong></span> <span class='ocrx_word' id='word_1_491' title='bbox 1204 3495 1276 3538; x_wconf 85' lang='lat' dir='ltr'><strong>noro</strong></span> <span class='ocrx_word' id='word_1_492' title='bbox 1299 3481 1351 3537; x_wconf 79' lang='lat' dir='ltr'><strong>sihi</strong></span> <span class='ocrx_word' id='word_1_493' title='bbox 1370 3479 1500 3551; x_wconf 70' lang='lat' dir='ltr'><strong>an&#39;pelicia</strong></span> <span class='ocrx_word' id='word_1_494' title='bbox 1523 3480 1647 3552; x_wconf 83' lang='lat' dir='ltr'><strong>manibus</strong></span> <span class='ocrx_word' id='word_1_495' title='bbox 1669 3479 1800 3536; x_wconf 82' lang='lat' dir='ltr'><strong>diviuitas</strong></span> 
     </span>
     <span class='ocr_line' id='line_1_37' title="bbox 172 3567 1799 3644; baseline 0.002 -20"><span class='ocrx_word' id='word_1_496' title='bbox 172 3567 310 3634; x_wconf 70' lang='lat' dir='ltr'><strong>leucum,</strong></span> <span class='ocrx_word' id='word_1_497' title='bbox 321 3568 480 3626; x_wconf 86' lang='lat' dir='ltr'><strong>innocentes</strong></span> <span class='ocrx_word' id='word_1_498' title='bbox 491 3571 563 3627; x_wconf 88' lang='lat' dir='ltr'><strong>euim</strong></span> <span class='ocrx_word' id='word_1_499' title='bbox 576 3579 650 3628; x_wconf 84' lang='lat' dir='ltr'><strong>srrrrt.</strong></span> <span class='ocrx_word' id='word_1_500' title='bbox 665 3570 700 3626; x_wconf 80' lang='lat' dir='ltr'><strong>Et</strong></span> <span class='ocrx_word' id='word_1_501' title='bbox 709 3571 845 3629; x_wconf 80' lang='lat' dir='ltr'><strong>osculatus</strong></span> <span class='ocrx_word' id='word_1_502' title='bbox 856 3579 959 3629; x_wconf 83' lang='lat' dir='ltr'><strong>esicus</strong></span> <span class='ocrx_word' id='word_1_503' title='bbox 1009 3581 1171 3644; x_wconf 78' lang='lat' dir='ltr'><strong>preparato.</strong></span> <span class='ocrx_word' id='word_1_504' title='bbox 1185 3573 1296 3628; x_wconf 66' lang='lat' dir='ltr'><strong>&amp;atam</strong></span> <span class='ocrx_word' id='word_1_505' title='bbox 1307 3586 1415 3644; x_wconf 83' lang='lat' dir='ltr'><strong>quoque</strong></span> <span class='ocrx_word' id='word_1_506' title='bbox 1428 3569 1633 3642; x_wconf 79' lang='lat' dir='ltr'><strong>chraphaildem</strong></span> <span class='ocrx_word' id='word_1_507' title='bbox 1650 3579 1799 3643; x_wconf 72' lang='lat' dir='ltr'><strong>martyrem</strong></span> 
     </span>
     <span class='ocr_line' id='line_1_38' title="bbox 173 3656 1800 3736; baseline 0.005 -25"><span class='ocrx_word' id='word_1_508' title='bbox 173 3665 203 3712; x_wconf 87' lang='grc' dir='ltr'><strong>ιι</strong></span> <span class='ocrx_word' id='word_1_509' title='bbox 216 3657 285 3714; x_wconf 83' lang='lat' dir='ltr'><strong>dixit</strong></span> <span class='ocrx_word' id='word_1_510' title='bbox 299 3675 307 3714; x_wconf 76' lang='grc' dir='ltr'><strong>ε</strong></span> <span class='ocrx_word' id='word_1_511' title='bbox 327 3656 400 3716; x_wconf 83' lang='lat' dir='ltr'><strong>licus</strong></span> <span class='ocrx_word' id='word_1_512' title='bbox 413 3659 584 3732; x_wconf 85' lang='lat' dir='ltr'><strong>omnipotens</strong></span> <span class='ocrx_word' id='word_1_513' title='bbox 597 3661 732 3717; x_wconf 82' lang='lat' dir='ltr'><strong>custodiat</strong></span> <span class='ocrx_word' id='word_1_514' title='bbox 744 3676 804 3730; x_wconf 82' lang='lat' dir='ltr'><strong>roa,</strong></span> <span class='ocrx_word' id='word_1_515' title='bbox 829 3660 958 3718; x_wconf 83' lang='lat' dir='ltr'><strong>charissi-</strong></span> <span class='ocrx_word' id='word_1_516' title='bbox 1008 3664 1106 3720; x_wconf 84' lang='lat' dir='ltr'><strong>Christi</strong></span> <span class='ocrx_word' id='word_1_517' title='bbox 1115 3679 1239 3721; x_wconf 75' lang='lat' dir='ltr'><strong>morsum</strong></span> <span class='ocrx_word' id='word_1_518' title='bbox 1251 3664 1416 3734; x_wconf 86' lang='lat' dir='ltr'><strong>sepeliemut</strong></span> <span class='ocrx_word' id='word_1_519' title='bbox 1429 3678 1515 3735; x_wconf 90' lang='lat' dir='ltr'><strong>prope</strong></span> <span class='ocrx_word' id='word_1_520' title='bbox 1528 3663 1681 3736; x_wconf 84' lang='lat' dir='ltr'><strong>sepulcrum</strong></span> <span class='ocrx_word' id='word_1_521' title='bbox 1694 3671 1708 3701; x_wconf 76' lang='lat'>⁸</span> <span class='ocrx_word' id='word_1_522' title='bbox 1723 3663 1800 3719; x_wconf 89' lang='lat' dir='ltr'><strong>heati</strong></span> 
     </span>
     <span class='ocr_line' id='line_1_39' title="bbox 173 3746 1376 3830; baseline 0.003 -24"><span class='ocrx_word' id='word_1_523' title='bbox 173 3746 223 3817; x_wconf 82' lang='lat' dir='ltr'><strong>ml,</strong></span> <span class='ocrx_word' id='word_1_524' title='bbox 246 3748 274 3805; x_wconf 84' lang='lat' dir='ltr'><strong>lu</strong></span> <span class='ocrx_word' id='word_1_525' title='bbox 297 3748 379 3806; x_wconf 81' lang='lat' dir='ltr'><strong>ritant</strong></span> <span class='ocrx_word' id='word_1_526' title='bbox 403 3758 544 3807; x_wconf 83' lang='lat' dir='ltr'><strong>artemam.</strong></span> <span class='ocrx_word' id='word_1_527' title='bbox 573 3749 608 3807; x_wconf 82' lang='lat' dir='ltr'><strong>tlt</strong></span> <span class='ocrx_word' id='word_1_528' title='bbox 630 3751 780 3822; x_wconf 83' lang='lat' dir='ltr'><strong>suspiciens</strong></span> <span class='ocrx_word' id='word_1_529' title='bbox 805 3750 833 3807; x_wconf 92' lang='lat' dir='ltr'><strong>iu</strong></span> <span class='ocrx_word' id='word_1_530' title='bbox 858 3751 958 3808; x_wconf 82' lang='lat' dir='ltr'><strong>coeluua</strong></span> <span class='ocrx_word' id='word_1_531' title='bbox 1007 3757 1134 3830; x_wconf 76' lang='lat' dir='ltr'><strong>martyrio</strong></span> <span class='ocrx_word' id='word_1_532' title='bbox 1148 3754 1244 3812; x_wconf 84' lang='lat' dir='ltr'><strong>hirini.</strong></span> <span class='ocrx_word' id='word_1_533' title='bbox 1367 3763 1376 3766; x_wconf 86' lang='grc'><em>·</em></span> 
     </span>
    </p>
   </div>
   <div class='ocr_carea' id='block_1_3' title="bbox 166 3904 1800 4256">
    <p class='ocr_par' dir='ltr' id='par_1_3' title="bbox 166 3904 1800 4119">
     <span class='ocr_line' id='line_1_40' title="bbox 204 3904 1800 3978; baseline -0.001 -14"><span class='ocrx_word' id='word_1_534' title='bbox 204 3916 222 3945; x_wconf 72' lang='grc'><strong>·’</strong></span> <span class='ocrx_word' id='word_1_535' title='bbox 234 3904 327 3964; x_wconf 72' lang='lat' dir='ltr'><strong>Varias</strong></span> <span class='ocrx_word' id='word_1_536' title='bbox 336 3906 452 3977; x_wconf 71' lang='lat' dir='ltr'><strong>terimur</strong></span> <span class='ocrx_word' id='word_1_537' title='bbox 462 3907 533 3978; x_wconf 85' lang='lat' dir='ltr'><strong>apud</strong></span> <span class='ocrx_word' id='word_1_538' title='bbox 548 3907 655 3965; x_wconf 88' lang='lat' dir='ltr'><strong>Surium</strong></span> <span class='ocrx_word' id='word_1_539' title='bbox 667 3907 756 3964; x_wconf 85' lang='lat' dir='ltr'><strong>sancti</strong></span> <span class='ocrx_word' id='word_1_540' title='bbox 766 3905 854 3964; x_wconf 81' lang='lat' dir='ltr'><strong>hirini</strong></span> <span class='ocrx_word' id='word_1_541' title='bbox 866 3915 957 3964; x_wconf 70' lang='lat' dir='ltr'><strong>haus·</strong></span> <span class='ocrx_word' id='word_1_542' title='bbox 1007 3919 1144 3968; x_wconf 78' lang='lat' dir='ltr'><strong>mmmm</strong></span> <span class='ocrx_word' id='word_1_543' title='bbox 1151 3924 1281 3975; x_wconf 79' lang='lat' dir='ltr'><strong>mxxxiii,</strong></span> <span class='ocrx_word' id='word_1_544' title='bbox 1288 3907 1340 3964; x_wconf 87' lang='lat' dir='ltr'><strong>alia</strong></span> <span class='ocrx_word' id='word_1_545' title='bbox 1347 3907 1526 3965; x_wconf 76' lang='lat' dir='ltr'><strong>tumulatione</strong></span> <span class='ocrx_word' id='word_1_546' title='bbox 1539 3906 1619 3973; x_wconf 85' lang='lat' dir='ltr'><strong>lacta,</strong></span> <span class='ocrx_word' id='word_1_547' title='bbox 1629 3922 1724 3964; x_wconf 83' lang='lat' dir='ltr'><strong>rursus</strong></span> <span class='ocrx_word' id='word_1_548' title='bbox 1735 3915 1800 3978; x_wconf 86' lang='lat' dir='ltr'><strong>post</strong></span> 
     </span>
     <span class='ocr_line' id='line_1_41' title="bbox 168 3974 1797 4051; baseline -0.002 -17"><span class='ocrx_word' id='word_1_549' title='bbox 168 3975 295 4045; x_wconf 79' lang='lat' dir='ltr'><strong>latiores,</strong></span> <span class='ocrx_word' id='word_1_550' title='bbox 310 3991 378 4051; x_wconf 84' lang='lat' dir='ltr'><strong>qrras</strong></span> <span class='ocrx_word' id='word_1_551' title='bbox 388 3977 550 4049; x_wconf 89' lang='lat' dir='ltr'><strong>compendio</strong></span> <span class='ocrx_word' id='word_1_552' title='bbox 572 3979 612 4035; x_wconf 89' lang='lat' dir='ltr'><strong>aic</strong></span> <span class='ocrx_word' id='word_1_553' title='bbox 622 3979 725 4048; x_wconf 90' lang='lat' dir='ltr'><strong>accipe.</strong></span> <span class='ocrx_word' id='word_1_554' title='bbox 741 3976 861 4033; x_wconf 85' lang='lat' dir='ltr'><strong>Primam</strong></span> <span class='ocrx_word' id='word_1_555' title='bbox 884 3993 956 4035; x_wconf 90' lang='lat' dir='ltr'><strong>anno</strong></span> <span class='ocrx_word' id='word_1_556' title='bbox 1007 3995 1095 4038; x_wconf 89' lang='lat' dir='ltr'><strong>anuos</strong></span> <span class='ocrx_word' id='word_1_557' title='bbox 1126 3995 1192 4050; x_wconf 87' lang='lat' dir='ltr'><strong>rope</strong></span> <span class='ocrx_word' id='word_1_558' title='bbox 1206 3995 1251 4048; x_wconf 88' lang='lat' dir='ltr'><strong>xc,</strong></span> <span class='ocrx_word' id='word_1_559' title='bbox 1264 3986 1386 4048; x_wconf 87' lang='lat' dir='ltr'><strong>tempore</strong></span> <span class='ocrx_word' id='word_1_560' title='bbox 1400 3974 1522 4034; x_wconf 79' lang='lat' dir='ltr'><strong>heitoms</strong></span> <span class='ocrx_word' id='word_1_561' title='bbox 1534 3977 1641 4034; x_wconf 82' lang='lat' dir='ltr'><strong>abbatis</strong></span> <span class='ocrx_word' id='word_1_562' title='bbox 1652 3991 1735 4032; x_wconf 75' lang='lat' dir='ltr'><strong>sacrae</strong></span> <span class='ocrx_word' id='word_1_563' title='bbox 1749 3978 1797 4032; x_wconf 81' lang='lat' dir='ltr'><strong>hi-</strong></span> 
     </span>
     <span class='ocr_line' id='line_1_42' title="bbox 166 4044 1796 4119; baseline 0 -17"><span class='ocrx_word' id='word_1_564' title='bbox 166 4060 288 4103; x_wconf 80' lang='lat' dir='ltr'><strong>ucecrxu</strong></span> <span class='ocrx_word' id='word_1_565' title='bbox 302 4046 449 4104; x_wconf 83' lang='lat' dir='ltr'><strong>celebrarit</strong></span> <span class='ocrx_word' id='word_1_566' title='bbox 461 4044 621 4104; x_wconf 80' lang='lat' dir='ltr'><strong>Theodorus</strong></span> <span class='ocrx_word' id='word_1_567' title='bbox 629 4045 834 4103; x_wconf 81' lang='lat' dir='ltr'><strong>Cameracensis</strong></span> <span class='ocrx_word' id='word_1_568' title='bbox 846 4047 956 4117; x_wconf 76' lang='lat' dir='ltr'><strong>cpisco·</strong></span> <span class='ocrx_word' id='word_1_569' title='bbox 1008 4051 1065 4107; x_wconf 81' lang='lat' dir='ltr'><strong>vini</strong></span> <span class='ocrx_word' id='word_1_570' title='bbox 1118 4050 1226 4119; x_wconf 78' lang='lat' dir='ltr'><strong>iquiaea</strong></span> <span class='ocrx_word' id='word_1_571' title='bbox 1249 4046 1370 4104; x_wconf 86' lang='lat' dir='ltr'><strong>Waltero</strong></span> <span class='ocrx_word' id='word_1_572' title='bbox 1391 4045 1560 4103; x_wconf 75' lang='lat' dir='ltr'><strong>lomacensi</strong></span> <span class='ocrx_word' id='word_1_573' title='bbox 1579 4045 1708 4117; x_wconf 85' lang='lat' dir='ltr'><strong>episcopo</strong></span> <span class='ocrx_word' id='word_1_574' title='bbox 1723 4061 1796 4103; x_wconf 84' lang='lat' dir='ltr'><strong>noro</strong></span> 
     </span>
    </p>

    <p class='ocr_par' dir='ltr' id='par_1_4' title="bbox 166 4114 1796 4256">
     <span class='ocr_line' id='line_1_43' title="bbox 187 4114 1796 4192; baseline 0 -21"><span class='ocrx_word' id='word_1_575' title='bbox 187 4133 229 4178; x_wconf 80' lang='lat' dir='ltr'><strong>ue.</strong></span> <span class='ocrx_word' id='word_1_576' title='bbox 242 4114 475 4173; x_wconf 86' lang='lat' dir='ltr'><strong>dumsauctorum</strong></span> <span class='ocrx_word' id='word_1_577' title='bbox 488 4114 573 4172; x_wconf 79' lang='lat' dir='ltr'><strong>hirini</strong></span> <span class='ocrx_word' id='word_1_578' title='bbox 586 4116 955 4186; x_wconf 83' lang='lat' dir='ltr'><strong>etllrictiicorporainrilia</strong></span> <span class='ocrx_word' id='word_1_579' title='bbox 1005 4120 1097 4178; x_wconf 90' lang='lat' dir='ltr'><strong>loculo</strong></span> <span class='ocrx_word' id='word_1_580' title='bbox 1122 4118 1254 4192; x_wconf 77' lang='lat' dir='ltr'><strong>impositu</strong></span> <span class='ocrx_word' id='word_1_581' title='bbox 1279 4116 1500 4186; x_wconf 73' lang='lat' dir='ltr'><strong>inutilemque</strong></span> <span class='ocrx_word' id='word_1_582' title='bbox 1525 4130 1597 4171; x_wconf 90' lang='lat' dir='ltr'><strong>auno</strong></span> <span class='ocrx_word' id='word_1_583' title='bbox 1626 4131 1727 4172; x_wconf 83' lang='lat' dir='ltr'><strong>aucxrr</strong></span> <span class='ocrx_word' id='word_1_584' title='bbox 1752 4119 1796 4182; x_wconf 79' lang='lat' dir='ltr'><strong>tut</strong></span> 
     </span>
     <span class='ocr_line' id='line_1_44' title="bbox 166 4132 1792 4256; baseline -0.001 -14"><span class='ocrx_word' id='word_1_585' title='bbox 166 4132 274 4242; x_wconf 75' lang='lat' dir='ltr'><strong>florum</strong></span> <span class='ocrx_word' id='word_1_586' title='bbox 286 4201 335 4244; x_wconf 89' lang='lat' dir='ltr'><strong>seu</strong></span> <span class='ocrx_word' id='word_1_587' title='bbox 349 4187 482 4245; x_wconf 66' lang='lat' dir='ltr'><strong>Hiemem</strong></span> <span class='ocrx_word' id='word_1_588' title='bbox 501 4187 605 4256; x_wconf 86' lang='lat' dir='ltr'><strong>sepulta</strong></span> <span class='ocrx_word' id='word_1_589' title='bbox 619 4187 702 4243; x_wconf 76' lang='lat' dir='ltr'><strong>hermo</strong></span> <span class='ocrx_word' id='word_1_590' title='bbox 722 4186 827 4252; x_wconf 80' lang='lat' dir='ltr'><strong>extulit.</strong></span> <span class='ocrx_word' id='word_1_591' title='bbox 850 4195 879 4244; x_wconf 87' lang='lat' dir='ltr'><strong>et</strong></span> <span class='ocrx_word' id='word_1_592' title='bbox 893 4186 955 4243; x_wconf 88' lang='lat' dir='ltr'><strong>loco</strong></span> <span class='ocrx_word' id='word_1_593' title='bbox 980 4190 983 4196; x_wconf 62' lang='lat'><strong>⁴</strong></span> <span class='ocrx_word' id='word_1_594' title='bbox 1004 4188 1243 4247; x_wconf 85' lang='lat' dir='ltr'><strong>surihitSauderus</strong></span> <span class='ocrx_word' id='word_1_595' title='bbox 1256 4189 1283 4244; x_wconf 85' lang='lat' dir='ltr'><strong>iu</strong></span> <span class='ocrx_word' id='word_1_596' title='bbox 1296 4186 1426 4243; x_wconf 79' lang='lat' dir='ltr'><strong>Gaudere</strong></span> <span class='ocrx_word' id='word_1_597' title='bbox 1436 4181 1792 4256; x_wconf 77' lang='lat' dir='ltr'><strong>suol‚GalriuistieGarrda·</strong></span> 
     </span>
    </p>
   </div>
   <div class='ocr_carea' id='block_1_4' title="bbox 167 4254 1795 4377">
    <p class='ocr_par' dir='ltr' id='par_1_5' title="bbox 167 4254 1795 4377">
     <span class='ocr_line' id='line_1_45' title="bbox 167 4254 1795 4377; baseline -0.002 -65"><span class='ocrx_word' id='word_1_598' title='bbox 167 4255 309 4312; x_wconf 84' lang='lat' dir='ltr'><strong>eelehriori</strong></span> <span class='ocrx_word' id='word_1_599' title='bbox 323 4255 475 4314; x_wconf 85' lang='lat' dir='ltr'><strong>collocarit.</strong></span> <span class='ocrx_word' id='word_1_600' title='bbox 497 4255 648 4314; x_wconf 83' lang='lat' dir='ltr'><strong>Secundam</strong></span> <span class='ocrx_word' id='word_1_601' title='bbox 662 4254 840 4312; x_wconf 82' lang='lat' dir='ltr'><strong>Ercmholdus</strong></span> <span class='ocrx_word' id='word_1_602' title='bbox 859 4270 954 4312; x_wconf 88' lang='lat' dir='ltr'><strong>mona·</strong></span> <span class='ocrx_word' id='word_1_603' title='bbox 1005 4275 1067 4316; x_wconf 86' lang='lat' dir='ltr'><strong>rum</strong></span> <span class='ocrx_word' id='word_1_604' title='bbox 1078 4258 1316 4342; x_wconf 82' lang='lat' dir='ltr'><strong>depopulantibus.</strong></span> <span class='ocrx_word' id='word_1_605' title='bbox 1328 4256 1430 4314; x_wconf 78' lang='lat' dir='ltr'><strong>eedem</strong></span> <span class='ocrx_word' id='word_1_606' title='bbox 1449 4255 1639 4325; x_wconf 72' lang='lat' dir='ltr'><strong>reliquiaccum</strong></span> <span class='ocrx_word' id='word_1_607' title='bbox 1654 4255 1716 4311; x_wconf 87' lang='lat' dir='ltr'><strong>aliis</strong></span> <span class='ocrx_word' id='word_1_608' title='bbox 1729 4270 1795 4377; x_wconf 63' lang='lat' dir='ltr'><strong>fer·</strong></span> 
     </span>
    </p>
   </div>
   <div class='ocr_carea' id='block_1_5' title="bbox 155 4320 1797 4676">
    <p class='ocr_par' dir='ltr' id='par_1_6' title="bbox 155 4320 1797 4676">
     <span class='ocr_line' id='line_1_46' title="bbox 166 4320 1794 4395; baseline -0.002 -15"><span class='ocrx_word' id='word_1_609' title='bbox 166 4324 243 4380; x_wconf 76' lang='lat' dir='ltr'><strong>suerii</strong></span> <span class='ocrx_word' id='word_1_610' title='bbox 254 4324 341 4381; x_wconf 85' lang='lat' dir='ltr'><strong>sancti</strong></span> <span class='ocrx_word' id='word_1_611' title='bbox 355 4325 469 4382; x_wconf 74' lang='lat' dir='ltr'><strong>licronis</strong></span> <span class='ocrx_word' id='word_1_612' title='bbox 482 4326 576 4392; x_wconf 78' lang='lat' dir='ltr'><strong>abhus,</strong></span> <span class='ocrx_word' id='word_1_613' title='bbox 590 4327 636 4395; x_wconf 78' lang='lat' dir='ltr'><strong>uui</strong></span> <span class='ocrx_word' id='word_1_614' title='bbox 647 4325 803 4382; x_wconf 89' lang='lat' dir='ltr'><strong>auuocirca</strong></span> <span class='ocrx_word' id='word_1_615' title='bbox 816 4340 872 4380; x_wconf 85' lang='lat' dir='ltr'><strong>axx</strong></span> <span class='ocrx_word' id='word_1_616' title='bbox 883 4326 954 4382; x_wconf 86' lang='lat' dir='ltr'><strong>inte-</strong></span> <span class='ocrx_word' id='word_1_617' title='bbox 1004 4329 1096 4385; x_wconf 88' lang='lat' dir='ltr'><strong>multis</strong></span> <span class='ocrx_word' id='word_1_618' title='bbox 1109 4329 1190 4385; x_wconf 79' lang='lat' dir='ltr'><strong>allatae</strong></span> <span class='ocrx_word' id='word_1_619' title='bbox 1215 4336 1279 4383; x_wconf 80' lang='lat' dir='ltr'><strong>catut</strong></span> <span class='ocrx_word' id='word_1_620' title='bbox 1304 4327 1332 4382; x_wconf 92' lang='lat' dir='ltr'><strong>iu</strong></span> <span class='ocrx_word' id='word_1_621' title='bbox 1355 4324 1471 4383; x_wconf 82' lang='lat' dir='ltr'><strong>castrum</strong></span> <span class='ocrx_word' id='word_1_622' title='bbox 1494 4339 1593 4380; x_wconf 84' lang='lat' dir='ltr'><strong>norum</strong></span> <span class='ocrx_word' id='word_1_623' title='bbox 1616 4340 1632 4380; x_wconf 89' lang='lat' dir='ltr'><strong>a</strong></span> <span class='ocrx_word' id='word_1_624' title='bbox 1657 4320 1794 4381; x_wconf 77' lang='lat' dir='ltr'><strong>Carooi</strong></span> 
     </span>
     <span class='ocr_line' id='line_1_47' title="bbox 165 4392 1797 4470; baseline 0.001 -23"><span class='ocrx_word' id='word_1_625' title='bbox 165 4406 243 4462; x_wconf 68' lang='lat' dir='ltr'><strong>grum</strong></span> <span class='ocrx_word' id='word_1_626' title='bbox 256 4393 344 4449; x_wconf 89' lang='lat' dir='ltr'><strong>aaucti</strong></span> <span class='ocrx_word' id='word_1_627' title='bbox 353 4392 440 4450; x_wconf 86' lang='lat' dir='ltr'><strong>Liriui</strong></span> <span class='ocrx_word' id='word_1_628' title='bbox 453 4407 554 4465; x_wconf 82' lang='lat' dir='ltr'><strong>corpur</strong></span> <span class='ocrx_word' id='word_1_629' title='bbox 566 4395 788 4464; x_wconf 71' lang='lat' dir='ltr'><strong>recuriurucrro</strong></span> <span class='ocrx_word' id='word_1_630' title='bbox 801 4410 817 4452; x_wconf 92' lang='lat' dir='ltr'><strong>e</strong></span> <span class='ocrx_word' id='word_1_631' title='bbox 830 4395 951 4464; x_wconf 85' lang='lat' dir='ltr'><strong>suhiecta</strong></span> <span class='ocrx_word' id='word_1_632' title='bbox 1008 4399 1169 4470; x_wconf 84' lang='lat' dir='ltr'><strong>imperatore</strong></span> <span class='ocrx_word' id='word_1_633' title='bbox 1182 4406 1365 4463; x_wconf 67' lang='lat' dir='ltr'><strong>exstructum</strong></span> <span class='ocrx_word' id='word_1_634' title='bbox 1377 4395 1493 4465; x_wconf 81' lang='lat' dir='ltr'><strong>indeque</strong></span> <span class='ocrx_word' id='word_1_635' title='bbox 1501 4403 1674 4463; x_wconf 83' lang='lat' dir='ltr'><strong>posteaamm</strong></span> <span class='ocrx_word' id='word_1_636' title='bbox 1684 4407 1797 4450; x_wconf 80' lang='lat' dir='ltr'><strong>aucxru</strong></span> 
     </span>
     <span class='ocr_line' id='line_1_48' title="bbox 165 4435 1797 4544; baseline 0.002 -26"><span class='ocrx_word' id='word_1_637' title='bbox 165 4462 218 4542; x_wconf 84' lang='lat' dir='ltr'><strong>sihi</strong></span> <span class='ocrx_word' id='word_1_638' title='bbox 231 4461 421 4544; x_wconf 78' lang='lat' dir='ltr'><strong>ilauxhemensi</strong></span> <span class='ocrx_word' id='word_1_639' title='bbox 435 4463 548 4520; x_wconf 77' lang='lat' dir='ltr'><strong>melota</strong></span> <span class='ocrx_word' id='word_1_640' title='bbox 563 4465 590 4520; x_wconf 92' lang='lat' dir='ltr'><strong>lu</strong></span> <span class='ocrx_word' id='word_1_641' title='bbox 607 4480 686 4522; x_wconf 86' lang='lat' dir='ltr'><strong>suum</strong></span> <span class='ocrx_word' id='word_1_642' title='bbox 700 4465 852 4522; x_wconf 81' lang='lat' dir='ltr'><strong>coeuohium</strong></span> <span class='ocrx_word' id='word_1_643' title='bbox 867 4473 955 4521; x_wconf 87' lang='lat' dir='ltr'><strong>tram·</strong></span> <span class='ocrx_word' id='word_1_644' title='bbox 969 4435 1034 4523; x_wconf 58' lang='lat' dir='ltr'><strong>¹’iu</strong></span> <span class='ocrx_word' id='word_1_645' title='bbox 1048 4467 1189 4536; x_wconf 69' lang='lat' dir='ltr'><strong>collegiata</strong></span> <span class='ocrx_word' id='word_1_646' title='bbox 1202 4468 1289 4523; x_wconf 88' lang='lat' dir='ltr'><strong>saucti</strong></span> <span class='ocrx_word' id='word_1_647' title='bbox 1305 4466 1420 4522; x_wconf 80' lang='lat' dir='ltr'><strong>Baroois</strong></span> <span class='ocrx_word' id='word_1_648' title='bbox 1438 4464 1565 4529; x_wconf 80' lang='lat' dir='ltr'><strong>ecclesia,</strong></span> <span class='ocrx_word' id='word_1_649' title='bbox 1578 4478 1638 4534; x_wconf 77' lang='lat' dir='ltr'><strong>qam</strong></span> <span class='ocrx_word' id='word_1_650' title='bbox 1652 4465 1735 4521; x_wconf 88' lang='lat' dir='ltr'><strong>modo</strong></span> <span class='ocrx_word' id='word_1_651' title='bbox 1746 4478 1797 4520; x_wconf 83' lang='lat' dir='ltr'><strong>oa·</strong></span> 
     </span>
     <span class='ocr_line' id='line_1_49' title="bbox 155 4529 1580 4607; baseline 0.004 -23"><span class='ocrx_word' id='word_1_652' title='bbox 155 4531 239 4592; x_wconf 75' lang='lat' dir='ltr'><strong>tulit.</strong></span> <span class='ocrx_word' id='word_1_653' title='bbox 259 4529 319 4597; x_wconf 79' lang='lat' dir='ltr'><strong>Quo</strong></span> <span class='ocrx_word' id='word_1_654' title='bbox 341 4547 370 4590; x_wconf 92' lang='lat' dir='ltr'><strong>m</strong></span> <span class='ocrx_word' id='word_1_655' title='bbox 382 4532 443 4590; x_wconf 88' lang='lat' dir='ltr'><strong>luco</strong></span> <span class='ocrx_word' id='word_1_656' title='bbox 458 4548 506 4604; x_wconf 83' lang='lat' dir='ltr'><strong>per</strong></span> <span class='ocrx_word' id='word_1_657' title='bbox 519 4533 677 4590; x_wconf 85' lang='lat' dir='ltr'><strong>lladhodum</strong></span> <span class='ocrx_word' id='word_1_658' title='bbox 700 4533 955 4604; x_wconf 72' lang='lat' dir='ltr'><strong>Noviomapeusium</strong></span> <span class='ocrx_word' id='word_1_659' title='bbox 1010 4537 1139 4597; x_wconf 84' lang='lat' dir='ltr'><strong>thedralis</strong></span> <span class='ocrx_word' id='word_1_660' title='bbox 1149 4544 1202 4606; x_wconf 79' lang='lat' dir='ltr'><strong>eet,</strong></span> <span class='ocrx_word' id='word_1_661' title='bbox 1215 4536 1364 4599; x_wconf 86' lang='lat' dir='ltr'><strong>honorilice</strong></span> <span class='ocrx_word' id='word_1_662' title='bbox 1377 4534 1506 4607; x_wconf 74' lang='lat' dir='ltr'><strong>deposita</strong></span> <span class='ocrx_word' id='word_1_663' title='bbox 1516 4540 1580 4590; x_wconf 91' lang='lat' dir='ltr'><strong>aunt</strong></span> 
     </span>
     <span class='ocr_line' id='line_1_50' title="bbox 172 4599 1570 4676; baseline 0.004 -18"><span class='ocrx_word' id='word_1_664' title='bbox 172 4599 434 4674; x_wconf 75' lang='lat' dir='ltr'><strong>lormccusiumque</strong></span> <span class='ocrx_word' id='word_1_665' title='bbox 443 4601 600 4676; x_wconf 87' lang='lat' dir='ltr'><strong>episcopum</strong></span> <span class='ocrx_word' id='word_1_666' title='bbox 613 4612 642 4661; x_wconf 90' lang='lat' dir='ltr'><strong>et</strong></span> <span class='ocrx_word' id='word_1_667' title='bbox 653 4602 857 4660; x_wconf 77' lang='lat' dir='ltr'><strong>ttitmaunum</strong></span> <span class='ocrx_word' id='word_1_668' title='bbox 868 4603 954 4661; x_wconf 82' lang='lat' dir='ltr'><strong>atoa-</strong></span> <span class='ocrx_word' id='word_1_669' title='bbox 1567 4624 1570 4628; x_wconf 91' lang='lat'>·</span> 
     </span>
    </p>
   </div>
   <div class='ocr_carea' id='block_1_6' title="bbox 0 0 1898 6126">
    <p class='ocr_par' dir='ltr' id='par_1_7' title="bbox 0 0 1898 6126">
     <span class='ocr_line' id='line_1_51' title="bbox 0 0 1898 6126; baseline 0 0"><span class='ocrx_word' id='word_1_670' title='bbox 0 0 1898 6126; x_wconf 95' lang='lat' dir='ltr'><strong> </strong></span> 
     </span>
    </p>
   </div>
  </div>
 </body>
</html>
