3788 6126
131 278 206 338 acea
787 283 815 341 s.
835 280 1103 342 susrnsnnsn.
1252 352 1255 356 ,
1688 288 1759 345 roes

131 398 229 453 roslara
241 394 346 466 mura,
370 405 395 452 et
417 398 509 454 maun
527 399 622 455 muas
642 398 711 458 iim.
726 397 766 469 tl.
777 400 915 465 scaelera,
932 396 1138 465 apramonus
1156 400 1212 472 lam
1227 402 1252 456 in
1265 415 1357 460 amore
1371 402 1527 460 colunum
1541 414 1570 461 et
1589 402 1646 474 elus
1660 408 1759 477 regule

130 502 280 558 enprorsus
293 488 329 543 ab
347 489 396 544 luae
415 491 522 544 sesama
544 490 654 546 lestlnus
677 490 798 547 recede.»
822 491 921 546 (ioniu-
974 493 1135 550 monasteria
1163 506 1333 560 construunt,
1365 497 1457 566 plebes
1488 498 1618 564 adunant,
1650 513 1759 568 gregem

131 592 204 646 tatus
223 596 288 653 ergo
301 580 343 636 bis
361 579 460 636 Christi
483 579 590 637 iarnulac
612 583 760 652 responsis,
776 597 869 639 rursus
886 583 920 637 ad
971 582 1071 640 Christi
1081 595 1254 658 congregant.
1271 586 1343 642 lnter
1356 603 1425 658 quoe
1446 588 1550 644 illuster
1564 599 1628 645 tunc
1647 593 1688 644 uir
1700 591 1760 646 Ele-

132 670 304 727 liomaricnm
328 671 369 727 rel
392 674 518 727 denatum
542 673 662 742 repedat,
686 682 716 730 ut
742 682 857 746 emptam
872 674 922 733 de·
971 673 1041 742 pios,
1071 675 1115 743 qui
1146 677 1227 730 modo
1247 674 1457 734 virimandensis
1489 676 1616 736 Ecclesia
1643 679 1760 749 pensiles

131 761 265 831 captionis
279 775 370 830 rupem
379 764 530 817 eorumbat
972 773 1067 834 praem
1093 764 1145 836 (de
1164 782 1218 836 quo
1243 768 1304 837 uaria
1327 780 1467 838 superest,
1488 785 1541 825 nun
1567 787 1627 826 meo
1647 774 1758 842 jannicio,

140 918 146 927 ‚
170 855 214 910 ts.
246 851 520 911 suessanorum
544 854 619 912 uitio.
645 852 713 913 Cum
736 855 769 912 ad
794 856 920 929 bociam
970 856 1041 927 pseud
1057 868 1190 927 superest,
1214 856 1362 914 iniciendus
1385 871 1438 928 est,
1461 875 1495 917 ne
1519 861 1678 918 adulationis
1693 877 1761 918 riusa

131 959 227 1003 omues
245 945 397 1015 aspirarent
412 954 441 1001 ut
455 954 625 1017 contemptus
641 946 812 1017 pristinarum
828 963 920 1005 assen-
971 948 1172 1020 reprehendar),
1188 949 1266 1021 juata
1285 950 1500 1010 Lemoviceusem
1514 953 1606 1011 urbem
1628 964 1763 1011 monaste·

132 1046 235 1093 taceres
246 1035 335 1093 inruet
347 1037 553 1104 institutionum,
564 1039 680 1109 primum
692 1039 746 1108 lupi
757 1040 839 1096 rabiei
849 1054 922 1095 mor·
971 1038 1040 1094 rium
1053 1039 1144 1097 nobile
1158 1049 1170 1077 ⁰
1190 1040 1385 1097 Solemniacum
1398 1043 1505 1099 nomine
1519 1044 1668 1100 construxit
1681 1057 1763 1112 suprs

131 1129 168 1185 bo
179 1129 279 1186 detenti
295 1129 364 1186 duos
378 1143 411 1186 ex
434 1128 476 1186 bis
488 1130 534 1202 qui
557 1132 674 1187 lautores
688 1135 766 1187 crant
786 1132 865 1203 buius
878 1147 922 1186 as·
971 1128 1082 1185 durium
1097 1130 1240 1187 vicennam
1256 1132 1293 1204 (lu
1313 1130 1431 1201 lienus),
1454 1134 1585 1190 distensa
1608 1134 1762 1204 supradicta

131 1221 258 1278 sessionis
280 1235 328 1290 per
348 1220 535 1291 intempestam
558 1232 665 1278 noctem
680 1223 748 1280 intra
768 1223 920 1279 monasterii
972 1210 1038 1275 urbe
1052 1218 1167 1276 millibus
1189 1231 1311 1291 quatuor,
1327 1231 1355 1277 et
1377 1223 1429 1277 alia
1443 1224 1525 1279 multa
1539 1225 1567 1281 lu
1590 1224 1681 1280 iisdem
1697 1225 1764 1279 locis

131 1320 210 1382 septa
223 1313 399 1380 irrumpentes
413 1312 545 1368 morsibus
556 1313 699 1382 laniarunt,
712 1325 794 1386 suque
804 1329 865 1371 cusu
878 1330 921 1373 rs·
970 1310 1091 1366 coenobia
1105 1328 1111 1340 ·
1127 1310 1175 1366 sed
1188 1321 1216 1367 et
1229 1312 1257 1366 in
1271 1310 1390 1371 Parisius
1403 1311 1550 1384 puellarum
1573 1315 1763 1369 monasterium

132 1400 187 1457 blei
203 1413 277 1472 peste
291 1403 435 1459 derelictos
449 1404 637 1464 miserabiliter
654 1407 733 1463 morti
746 1407 920 1465 tradiderunt.
971 1404 1041 1473 quod
1056 1403 1090 1459 de
1111 1403 1184 1474 regio
1206 1420 1316 1461 munere
1336 1415 1506 1476 susceperas,
1526 1406 1651 1472 mdiircat,
1669 1408 1695 1462 in
1710 1422 1765 1477 prio

132 1493 233 1562 Alium,
263 1492 423 1551 Pluereiium
449 1496 568 1563 nomine,
594 1498 639 1569 uui
664 1498 754 1555 adbuc
781 1497 922 1557 discordiae
971 1492 1072 1551 Christi
1096 1496 1225 1568 virginem
1252 1500 1366 1553 durearn
1391 1500 1500 1555 nomine
1523 1499 1652 1570 pralccis.
1673 1499 1700 1555 ln
1716 1498 1763 1554 Bi·

131 1580 253 1640 inmitem
263 1583 436 1641 veliementer
447 1586 592 1657 aspirabat,
603 1587 753 1646 damonum
764 1590 853 1647 rabies
862 1607 922 1661 pcr-
972 1586 1111 1643 turicensis
1134 1601 1197 1642 nero
1221 1587 1297 1655 urbe,
1316 1585 1330 1626 t
1349 1587 1498 1656 puellarum
1526 1589 1717 1644 monasterium
1730 1603 1764 1642 ex

133 1674 216 1738 rasit,
231 1682 309 1745 atquc
324 1673 475 1745 ignobiliter
489 1677 568 1731 morti
590 1677 711 1745 tradidit,
731 1692 793 1733 nam
814 1683 919 1749 propria
972 1673 1003 1730 tt.
1026 1674 1183 1733 columbani
1206 1677 1297 1747 regma
1321 1677 1466 1732 iles-sbuara
1493 1678 1588 1733 nobilis
1614 1693 1712 1746 periers
1736 1688 1763 1732 et

132 1779 215 1820 manu
231 1763 288 1833 lpse
301 1779 331 1821 se
355 1765 451 1836 laqueo
471 1768 620 1835 suspendit.
644 1768 697 1826 Sed
711 1785 771 1824 cum
787 1770 844 1827 baec
855 1773 921 1827 ultio
938 1737 960 1796 Β
975 1770 1105 1838 religione
1118 1770 1216 1826 tentos
1230 1772 1391 1825 construxit.
1404 1771 1526 1838 itemque
1541 1770 1567 1825 io
1583 1775 1595 1805 ⁶
1610 1770 1765 1824 suburbano

133 1869 302 1927 nequaqnam
317 1854 393 1912 fleret
412 1859 545 1928 correptio
566 1859 788 1930 delinquentium,
804 1863 924 1931 protinus
973 1858 1146 1914 bituricensis
1161 1858 1236 1914 urbis
1250 1861 1291 1915 nir
1305 1859 1466 1913 uenerabilis
1483 1857 1647 1913 Tiretdulins
1665 1872 1765 1926 copam-

132 1949 223 2021 maior
234 1961 324 2005 secum
340 1959 392 2006 est.
406 1949 472 2006 Nam
485 1953 575 2008 subito
588 1953 677 2025 sulpur
692 1970 708 2010 e
721 1956 791 2013 coeln
802 1959 922 2028 elapsum
974 1956 1066 2005 mento
1091 1949 1240 2004 bobelenus
1254 1949 1414 2005 monasteria
1439 1964 1472 2005 cs
1494 1951 1583 2020 regula
1607 1948 1764 2005 Colurrrbani

131 2041 247 2099 10πίὺὶΙί
261 2042 365 2113 fissilis
380 2044 495 2112 pessuli!
514 2043 616 2114 locum,
629 2046 772 2104 ecclesium
792 2062 922 2120 perunga·
972 2041 1046 2096 nurui
1061 2041 1190 2112 religione
1203 2041 1328 2110 pollentia
1342 2040 1502 2107 construxit,
1515 2041 1629 2111 primurn
1641 2040 1765 2096 ininsula

131 2141 187 2199 ιω,
202 2134 334 2190 subrepsit
345 2140 507 2206 septimenta,
521 2137 627 2207 plebem
641 2139 707 2207 urin,
727 2143 878 2197 examinas:
895 2151 924 2198 pp
972 2149 1053 2205 supra
1064 2132 1171 2188 durium
1185 2134 1380 2199 iiilnrandram,
1393 2133 1438 2190 ubi
1449 2133 1631 2204 religiosorum
1640 2135 1765 2191 adusserit

130 2225 236 2284 scilicet
257 2240 375 2297 praesens
400 2230 544 2299 correptio,
569 2231 615 2302 qui
637 2232 810 2302 simplicitate
828 2236 921 2302 nimia,
972 2235 1128 2290 cateruam;
1145 2224 1226 2280 alium
1241 2223 1539 2301 Gaudiacumuomine,
1554 2225 1624 2281 baud
1644 2227 1766 2292 procula

131 2317 316 2387 mueniente
335 2318 481 2376 calliditate
501 2319 556 2392 istst
579 2323 708 2392 permixta
735 2323 836 2395 ignarae
858 2341 923 2395 pen.
972 2314 1081 2371 lluriolo
1095 2315 1213 2385 dlbetn3
1234 2316 1341 2372 tertium
1355 2315 1456 2372 Cirristi
1473 2317 1604 2389 uirginum
1617 2332 1764 2391 congrega·

130 2407 254 2465 massoni
268 2422 405 2465 assensum
429 2411 610 2482 praebuerant,
628 2422 789 2472 monstraret
807 2416 922 2473 luturam
973 2407 1049 2481 sioni,
1066 2407 1125 2463 ¹⁰⁰⁰
1137 2417 1290 2478 nun⁸²¹¹l³²l¹⁰
1310 2407 1471 2463 0¹¹⁴³¹¹¹⁰¹¹¹⁰
1484 2423 1562 2478 ΒΨ·
1577 2408 1688 2463 “illlum
1705 2408 1764 2480 Μ

130 2496 234 2555 debers
247 2498 342 2570 lusere
354 2500 435 2557 iistis·
449 2500 546 2560 Mortui
558 2512 620 2559 sttui
635 2505 798 2576 adpraesens
811 2505 921 2577 uiginti:
972 2499 1073 2556 dictum
1085 2499 1271 2555 ldilmaudram
1284 2516 1292 2565 ;
1305 2500 1422 2571 itemque
1432 2499 1502 2555 aliud
1513 2498 1610 2554 Cirristl
1621 2500 1765 2576 uirginum,

114 2590 229 2649 deiude
241 2600 313 2651 metu
326 2594 464 2664 perculsos
478 2596 605 2665 paulatim
619 2612 693 2655 mors
704 2600 788 2670 rapit:
802 2600 837 2654 isa
848 2609 877 2654 ιιι
889 2613 922 2655 es
971 2586 1051 2661 1⁰¹¹a
1067 2586 1230 2645 ffli‘ffleflie
1254 2588 1382 2661 ⁰l¹i³¹¹¹¹¹¹¹¹
1403 2588 1454 2647 ⁸¹¹¹)
1469 2589 1563 2645 eidem
1588 2590 1679 2662 “8⁰¹²
1698 2605 1767 2646 ⁶⁰¹¹·

129 2700 164 2743 es
177 2684 292 2754 ultione,
306 2686 377 2742 sicut
396 2688 484 2754 aiunt,
502 2688 618 2760 amplius
632 2704 712 2759 uuam
733 2691 922 2763 qulnquaginta
972 2678 1081 2736 strusit.

131 2785 314 2845 maerentur,
341 2791 438 2848 nempe
460 2788 569 2837 auctoru
587 2781 709 2837 criminis
732 2791 867 2839 nemeto
888 2783 923 2839 ad
1011 2774 1057 2833 ll.
1076 2774 1174 2830 Beatus
1187 2788 1252 2830 sero
1267 2771 1404 2829 Eustasius
1417 2770 1467 2828 bas
1486 2781 1547 2842 post
1568 2772 1694 2829 uictorias
1706 2786 1767 2826 cot·-

131 2864 329 2937 pteuitentiam,
355 2876 383 2924 ut
393 2866 417 2924 ai
443 2878 571 2940 agnoscat
593 2870 699 2940 culpam
724 2881 752 2928 et
774 2872 866 2929 redeat
889 2874 922 2929 ad
973 2870 1058 2941 ripere
1071 2870 1256 2940 delinquentes
1277 2866 1409 2924 studesac
1431 2880 1487 2922 susc
1502 2867 1569 2935 parti
1582 2865 1700 2921 adunare
1715 2865 1763 2922 de·

133 2959 250 3026 reniam,
274 2959 366 3029 procul
390 2960 472 3017 dubio
497 2963 638 3019 sanitatem
666 2964 786 3036 recipiat.
816 2965 922 3022 Nullum
972 2962 1068 3018 cernit.
1084 2959 1185 3017 Deinde
1208 2959 1402 3015 monoclerum
1417 2957 1467 3014 sub
1488 2957 1547 3029 clus
1570 2956 1765 3013 obedientlain

129 3049 232 3107 etenim
247 3047 377 3107 Dominus
391 3051 481 3123 perire
493 3053 639 3121 desiderat,
659 3056 707 3110 sed
721 3069 828 3126 semper
840 3072 921 3128 quam
933 3087 958 3152 c
972 3067 1045 3124 septe
1055 3051 1109 3109 iaso
1123 3051 1246 3107 eoenobio
1269 3049 1364 3107 concio
1384 3047 1499 3105 maxima
1524 3057 1593 3116 erat,
1617 3057 1646 3103 ut
1663 3064 1696 3106 er
1714 3049 1768 3105 lnoo

128 3140 256 3213 ‘ratibus
270 3141 377 3200 delictis
400 3143 523 3201 obrutum
537 3158 587 3215 per
605 3145 770 3216 peanitentiae
792 3148 921 3205 lormeuta
971 3144 1026 3220 jann
1038 3144 1121 3199 multa
1133 3157 1180 3213 per
1190 3141 1275 3198 uicina
1289 3141 1346 3195 loca
1360 3141 1519 3194 monasteria
1532 3145 1765 3194 construerentur:

129 3229 221 3299 redire
232 3241 380 3302 exspectas.
974 3248 1034 3306 pirae
1047 3233 1105 3304 ejsrs
1118 3243 1258 3289 successor
1272 3230 1304 3285 B.
1323 3228 1532 3285 Wandelbertns
1554 3229 1671 3284 llrmauit
1686 3243 1766 3299 nune

130 3382 134 3387 .
168 3321 213 3379 ld.
231 3323 446 3394 Cumqueisdem
461 3323 600 3398 dprmtius
612 3330 712 3400 sepius
725 3331 775 3387 sibi
791 3332 923 3402 poeniten·
972 3325 1123 3383 acdillcusit.
1146 3322 1258 3393 lamque
1281 3322 1386 3377 beatum
1400 3321 1434 3376 ds
1449 3319 1499 3375 bae
1513 3319 1567 3375 uita
1580 3323 1680 3375 exitum
1696 3335 1765 3388 prm·

130 3413 178 3471 ib
197 3413 287 3471 locum
309 3415 709 3490 &tumnoueopnorissacnr
729 3420 841 3480 Eminuit
861 3438 923 3481 pan.
972 3417 1085 3482 siolaus,
1114 3415 1186 3470 orrnrni
1211 3413 1361 3470 intentione
1384 3412 1418 3468 ad
1443 3411 1645 3482 contemplanda
1669 3413 1764 3483 mysti-

128 3506 217 3563 tenua
230 3505 406 3576 adjudicium
420 3510 561 3568 inritantia
576 3515 817 3583 praevalescente
831 3517 922 3588 tuigin.
972 3521 1064 3563 corum
1082 3503 1275 3575 preconiorum
1292 3502 1450 3561 documenta
1463 3502 1587 3570 desudat,
1598 3499 1700 3572 soliqrre
1711 3500 1766 3557 lieo

131 3604 159 3655 ta
173 3597 277 3653 dierum
291 3599 419 3656 circnlnrn
434 3616 514 3671 qnam
539 3603 668 3660 cerrensis
680 3603 745 3660 anni
758 3616 828 3661 ,ηοω
849 3620 922 3662 ωω.
971 3606 1062 3655 mente.
1076 3598 1176 3653 intenta
1191 3610 1283 3667 preces
1307 3595 1421 3651 lundens
1440 3592 1531 3664 dirigit
1557 3606 1661 3663 preces.
1683 3592 1766 3647 Curru·

129 3688 261 3759 pleumur,
275 3705 291 3745 a
304 3706 384 3749 seruo
407 3706 458 3748 sno
471 3709 550 3764 quern
574 3697 632 3764 ipsa
652 3697 813 3768 redemerat,
835 3701 921 3755 mppr
971 3702 1025 3759 que
1047 3686 1103 3756 iam
1127 3703 1175 3759 per
1199 3688 1342 3745 multorum
1366 3688 1499 3744 curricula
1518 3701 1650 3743 annorum
1673 3684 1701 3742 ln
1715 3687 1766 3743 buc

129 3792 274 3849 misus
298 3783 409 3839 interiit,
432 3783 544 3841 Occasio
565 3786 685 3843 criminis
708 3787 845 3846 dicebam·
859 3804 921 3859 W-
971 3780 1166 3849 operellllellle
1175 3787 1290 3845 tacerel,
1306 3778 1395 3836 milli
1410 3775 1764 3847 [empilssllllallfflllsejtldi

130 3870 227 3927 mixtio
242 3875 334 3930 usuris
350 3892 358 3927 ε
378 3876 448 3945 quod
462 3878 585 3948 quamuis
605 3878 682 3935 mulsi
696 3880 821 3946 dixerint,
834 3890 862 3936 et
875 3895 922 3936 ua.
970 3871 1101 3939 daturque
1122 3870 1255 3926 scrutanda
1275 3869 1340 3940 justi
1359 3869 1472 3934 iudicis,
1488 3878 1517 3924 ut
1530 3867 1601 3939 quud
1616 3868 1703 3923 sisinnus
1716 3883 1765 3922 an·

130 3972 193 4015 suun
213 3956 337 4018 asserere
351 3966 445 4033 velint,
462 3973 584 4022 erostrum
604 3977 694 4025 tameo
716 3970 767 4025 lmc
788 3969 921 4027 alllrmare
970 3979 1065 4021 uorum
1079 3961 1172 4020 circuli
1194 3963 1308 4019 diuersis
1332 3961 1522 4018 afflictionibus
1546 3960 1647 4031 peracti
1667 3973 1764 4029 purus·

130 4064 185 4106 uon
208 4060 261 4107 est.
288 4050 390 4110 Cuncta
416 4056 490 4112 etnim
513 4055 590 4128 juxta
615 4057 784 4116 &inmunem
809 4060 922 4118 adducet
972 4063 1076 4121 serant,
1092 4068 1235 4122 paucorum
1260 4054 1364 4109 dierum
1384 4051 1506 4122 corporis
1528 4051 1669 4107 indrmitns
1684 4064 1764 4104 cura·

128 4140 263 4200 Dominus
276 4145 304 4201 in
321 4146 450 4215 judicium
470 4164 518 4218 pso
532 4151 606 4207 omni
625 4159 728 4218 erratu,
743 4151 799 4208 siue
811 4152 920 4222 bonum,
970 4153 1024 4202 ret.
1040 4145 1221 4216 interrogatus
1235 4141 1306 4199 inter
1322 4158 1408 4214 poenae
1428 4142 1550 4199 incendia
1569 4156 1618 4213 per
1632 4141 1762 4197 visionem

127 4228 393 4305 sluemalumlla'ccl.
408 4238 469 4308 an).
486 4239 692 4312 Etdpnstolus:
716 4239 923 4316 ilaiuscnjssqna
971 4247 1141 4303 nocturnam,
1167 4238 1191 4291 si
1218 4234 1392 4305 persimplnta
1425 4234 1532 4292 dierum
1557 4233 1643 4304 spatio
1667 4232 1762 4289 leuiori

127 4326 438 4402 antecantamenta·
461 4332 577 4402 probabit
599 4332 710 4405 (idos.
726 4332 778 4406 nn).
804 4336 827 4391 tt
846 4335 922 4390 nobis
971 4344 1051 4403 poena
1074 4329 1162 4385 curari
1184 4328 1274 4392 uellet,
1298 4334 1344 4381 aut
1367 4326 1457 4397 potius
1479 4325 1586 4397 triginta
1607 4323 1761 4381 ferventiori

130 4424 222 4473 umen
237 4418 380 4475 dicendum
393 4431 435 4477 est
447 4423 517 4492 quod
528 4424 601 4493 justa
615 4440 676 4480 euru
690 4426 824 4483 sententia
837 4425 921 4482 diuisui
935 4437 961 4498 ῃ
974 4420 1098 4478 intuendis
1110 4429 1236 4491 purgatus
1248 4421 1300 4474 rita
1312 4419 1388 4475 beata
1403 4418 1507 4476 lorrctns
1517 4418 1599 4476 cetos
1609 4427 1761 4488 penetrare,

125 4505 223 4577 ludicii
235 4510 295 4566 ideo
319 4507 401 4568 lerire
422 4528 476 4568 non
495 4514 611 4582 distulit,
626 4522 655 4570 nt
669 4523 697 4570 et
709 4515 920 4587 asseirtatoribns
972 4515 1109 4586 respondit
1124 4514 1188 4569 ille:
1209 4531 1219 4566 r
1245 4511 1339 4569 ilelius
1353 4526 1416 4569 esse
1435 4512 1556 4583 qtramria
1569 4509 1720 4564 durioribus
1735 4508 1762 4562 in

127 4598 257 4670 [merea
280 4601 488 4659 lacerationibus
511 4615 665 4661 sanctornm
689 4605 847 4661 famulorum
873 4605 920 4662 liei
969 4605 1044 4663 breti
1057 4604 1154 4676 subjici
1177 4602 1300 4674 dapsilis,
1323 4618 1403 4675 quam
1430 4603 1574 4660 lenioribus
1593 4601 1678 4674 longis
1698 4616 1764 4657 corr·

127 4698 303 4760 mensuaret,
322 4699 351 4748 et
365 4691 411 4748 ille
428 4693 603 4750 contumacia
622 4694 764 4750 commissa
780 4709 827 4766 per
841 4696 921 4752 meri·
970 4695 1038 4753 sunni
1054 4695 1149 4765 poertis.
1168 4712 1179 4748 r
1198 4694 1320 4765 ilxpleuit
1331 4709 1395 4766 erpo
1406 4693 1541 4767 provisam
1557 4702 1638 4765 atque
1649 4693 1762 4750 electam

127 4787 183 4833 tam
205 4778 333 4834 ntuonem
358 4779 456 4837 lueret.
483 4782 594 4839 duratus
616 4796 681 4839 vero
705 4796 737 4839 ac
763 4784 920 4841 Romaricus
969 4799 1077 4857 poenam
1100 4784 1222 4855 corporis
1246 4784 1382 4841 tricesimo
1409 4784 1482 4840 dic:
1515 4784 1690 4855 omnibusque
1712 4798 1761 4839 ua·

127 4870 291 4927 resecabilis
318 4870 435 4926 sorum
461 4873 675 4929 courenieotiam
701 4875 864 4944 postulantes
878 4889 920 4931 re·
969 4878 1100 4947 ludiceos,
1132 4879 1210 4936 triste
1241 4879 1441 4935 remanentibus
1473 4876 1634 4949 promissum
1661 4875 1760 4944 depro-

125 4963 244 5033 cipiunt,
258 4972 340 5033 atoue
352 4961 456 5020 desidia
469 4965 592 5022 submota
607 4967 742 5025 irunntor.
968 4972 1027 5038 mit,
1041 4980 1121 5041 atque
1142 4971 1183 5026 sui
1202 4971 1290 5027 exitus
1304 4972 1398 5028 liuram
1418 4970 1514 5028 eadem
1525 4984 1586 5026 esse
1598 4969 1642 5024 die
1656 4969 1758 5023 denun-

166 5052 215 5110 ιι.
234 5054 384 5111 stetimus
396 5069 463 5111 sero
481 5057 524 5112 uel
536 5057 624 5113 caeteri
644 5058 787 5115 Galliarum
801 5058 918 5129 cpiscopl
968 5062 1028 5120 tiat.
1050 5061 1155 5119 viatico
1178 5063 1267 5132 itaque
1288 5070 1396 5132 sumpto
1417 5062 1534 5116 animam
1550 5059 1619 5114 emlu
1631 5056 1759 5124 reddidit,

126 5154 190 5218 pust
216 5145 251 5202 sd
278 5147 431 5205 roboranda
454 5147 612 5206 Columbani
639 5151 761 5208 instituta
788 5151 917 5222 aspirant.
967 5156 1106 5226 solumque
1132 5154 1348 5224 desideriumque
1368 5166 1544 5223 supernorum
1563 5159 1592 5207 et
1616 5158 1757 5220 pauentum

163 5278 536 5354 ‘Solemniacnnnsolipnua
546 5284 695 5340 emnubium
706 5286 765 5340 ord.
776 5284 803 5341 S.
818 5285 916 5341 liencd.
967 5284 1099 5350 duriolus,
1114 5285 1194 5353 culpo
1208 5285 1234 5340 lu
1255 5284 1417 5350 llurmnnde,
1432 5291 1460 5337 et
1477 5279 1570 5336 dlbeta
1585 5280 1713 5348 i'Auiois,
1723 5280 1761 5338 de

162 5347 413 5408 *nonasterium
429 5354 571 5409 llertbisara
586 5366 779 5422 constructum,
794 5372 865 5412 nunc
876 5373 918 5412 re·
966 5356 1064 5427 ouibus
1078 5358 1132 5420 bie,
1154 5358 1247 5411 ιοιοιιι
1262 5353 1319 5410 iere
1341 5353 1497 5409 milliaribus
1512 5353 1622 5408 Gallicis
1634 5353 1668 5406 ab
1682 5352 1756 5406 dra·

125 5418 235 5483 ductum
249 5431 290 5474 est
304 5423 330 5475 in
344 5422 483 5478 ecclesiam
506 5424 684 5494 collegiatam,
699 5442 758 5491 unm
774 5429 805 5482 li.
827 5427 917 5483 blaciae
966 5427 1024 5482 rico
1039 5425 1183 5480 ilituricum
1205 5425 1314 5478 distant.
1340 5422 1378 5477 Eu
1399 5423 1568 5479 nrornnsleriis
1582 5437 1597 5476 a
1619 5420 1758 5477 Bnlmleno

122 5488 161 5546 de
175 5488 256 5557 sitta,
268 5493 349 5563 uulgo
363 5490 390 5545 N
392 5491 543 5548 utre-Dume
555 5495 684 5562 deSules,
697 5497 804 5552 dicitur.
965 5495 1127 5552 constructis
1138 5495 1252 5561 primum
1263 5492 1425 5547 destructum
1434 5503 1485 5558 est,
1495 5496 1533 5549 nti
1543 5503 1570 5548 ct
1581 5492 1757 5559 Gaudiacum,

163 5567 177 5596 θ
191 5559 255 5614 Loci
266 5561 412 5617 suburbani
424 5566 531 5619 inominc
542 5565 660 5634 intellige
671 5566 743 5621 orbis
755 5566 915 5622 territorium
966 5567 1072 5621 tertium
1094 5564 1238 5619 clarentum
1256 5561 1355 5617 dictum
1371 5564 1517 5630 puellarum
1532 5567 1590 5619 ord.
1605 5562 1633 5620 S.
1655 5564 1756 5619 lluucd.

124 5642 176 5684 see
189 5637 304 5685 tractum
319 5633 378 5686 nebi
399 5632 558 5702 subjectum,
581 5649 659 5702 ouem
682 5636 747 5692 alias
762 5652 855 5705 pagum
870 5652 916 5690 so-
966 5638 1054 5691 adbuc
1068 5635 1198 5696 subsistit,
1218 5647 1294 5702 upum
1317 5647 1349 5691 ac
1371 5645 1495 5705 quartum
1519 5634 1639 5708 eiusdem
1653 5634 1761 5695 ordinis

126 5701 286 5769 caut,·unde
298 5702 489 5760 suburbicaria
510 5706 643 5777 regiones.
659 5706 739 5766 Certe
757 5707 914 5765 iiilruandsa
964 5708 1016 5764 sub
1029 5705 1136 5764 numine
1150 5703 1181 5761 tt.
1194 5703 1294 5761 darre.
