3788 6126
136 293 186 356 m
681 299 711 356 S.
733 298 968 360 ANNEMUNDUS
988 296 1096 395 EPlSC.
1117 300 1218 358 abso.
1714 298 1769 360 479

135 411 249 470 satlstcs
267 411 341 468 misit
364 426 425 469 eum
450 411 572 479 Romam,
584 412 647 468 dato
667 413 736 468 duce
753 414 867 480 itineris,
891 425 920 473 et
933 418 957 477 Α
970 429 1000 472 se
1013 415 1193 477 contradens,
1208 413 1349 481 diligenter
1360 427 1393 468 ea
1405 423 1464 483 quae
1478 424 1633 471 monastice
1653 419 1762 475 eastita-

135 491 233 542 eaacta
244 481 324 541 simul
335 497 393 553 quse
403 483 547 538 necessitas
555 482 682 551 poscebat
695 483 799 540 itineris
810 485 921 554 largiter
945 526 949 533 .
971 485 1006 541 tis
1020 491 1106 543 erant.
1123 492 1150 539 et
1163 483 1267 539 discere
1279 483 1389 539 curabat
1401 491 1566 551 magere...
1582 485 1675 542 didicit
1688 488 1767 556 psal·

135 553 361 618 subministravit,
379 553 523 608 obsecrans
536 559 567 607 ut
576 567 636 609 cum
657 552 683 607 in
698 553 813 622 patriam
827 569 920 610 rerer·
969 570 1029 611 mos
1043 564 1070 609 et
1081 554 1181 622 aliquot
1194 553 1310 617 codices,
1327 567 1377 608 nec
1391 553 1455 607 dum
1467 553 1573 622 quidem
1590 562 1764 615 attonsus...

134 630 257 690 teretur,
278 637 327 692 per
349 635 378 676 se
401 621 451 676 iter
470 620 558 676 lacere
579 623 772 678 meminisset.»
794 622 922 682 Promisit
970 623 997 680 in
1010 639 1065 695 quo
1082 622 1248 679 monasterio
1260 637 1321 677 cum
1339 622 1442 692 aliquot
1459 638 1544 678 annos
1566 624 1622 678 beo
1637 628 1766 695 serviret,

135 692 273 748 Willridus
292 699 320 747 et
338 691 477 759 promissis
489 690 578 758 stetit,
602 706 634 748 ac
653 698 715 762 post
730 693 844 748 reditum
859 709 920 751 oum
970 692 1204 748 animadvertit...
1219 692 1329 747 minime
1339 692 1484 762 perlectam
1499 709 1559 750 esse
1573 697 1679 751 virtutis
1694 697 1768 755 vlam

134 769 190 818 tres
203 776 289 816 annos
302 759 423 819 Lusdnni
446 762 516 832 apud
537 776 598 817 eum
613 762 774 829 mansisset,
798 771 921 822 attonsus
989 779 1029 818 tvae
1045 763 1223 818 tradebatura
1236 762 1345 830 Scottis,
1363 765 1556 831 proposuitque
1567 768 1657 821 antimo
1670 768 1767 826 venire

133 840 176 887 est
187 831 221 886 ab
241 846 291 896 ea,
306 837 335 886 et
348 830 374 885 in
393 839 466 887 tanto
482 831 589 887 habitus
610 846 713 896 amore,
737 840 768 886 ut
787 833 920 891 haeredem
970 779 1102 898 zamam,
1121 843 1149 888 et
1171 834 1216 902 qui
1232 831 1265 886 ad
1286 832 1376 887 sedem
1399 833 1574 901 apostolicam
1593 835 1765 894 rituseccle·

132 901 183 957 sibi
196 901 269 955 illum
294 900 381 956 iacere
395 901 544 970 cogitaret:
567 899 616 956 sed
630 917 664 957 ne
682 902 734 958 boc
748 901 806 957 deri
820 913 920 973 posset,
970 903 1091 967 siastici,
1114 903 1171 958 sive
1193 901 1399 957 monasteriales
1424 912 1615 973 servarentur,
1638 906 1762 962 videre.»

133 971 245 1026 antistes
256 969 356 1026 crudeli
371 981 458 1027 morte
470 980 618 1042 prereptus
632 980 681 1027 est.
698 971 813 1040 cillenia,
826 973 902 1044 ibid.)
971 971 1046 1028 llauc
1060 972 1086 1026 in
1099 987 1155 1026 rem
1167 973 1231 1027 adiit
1241 972 1359 1040 reginam
1368 969 1531 1037 Eandedam
1545 988 1604 1042 quae
1618 975 1691 1031 misit
1702 990 1765 1033 etim

168 1041 252 1098 Causa
268 1041 340 1096 necis
354 1040 557 1096 Annernundiin
573 1041 707 1096 breviario
722 1056 836 1097 camera
847 1043 919 1112 Lug·
971 1042 1005 1097 ad
1020 1055 1111 1110 regem
1123 1042 1223 1096 Cautiae
1243 1040 1449 1104 anconitanum,
1463 1050 1492 1095 ut
1506 1059 1567 1098 eum
1583 1044 1698 1100 Romam
1713 1046 1765 1102 lto·

132 1110 260 1166 dunensis
291 1111 329 1165 sic
358 1108 495 1166 refertur:
518 1130 527 1162 ι
547 1111 613 1164 llum
637 1112 807 1167 sublimitatis
855 1113 921 1168 laria
972 1113 1083 1166 noridce
1094 1113 1307 1178 transmitteret;
1328 1111 1372 1164 ubl
1386 1127 1447 1165 cum
1462 1110 1616 1181 aliquandiu
1637 1114 1767 1172 demora-

132 1180 232 1236 oelsior
245 1180 380 1236 videretur
394 1181 419 1234 in
435 1189 525 1245 catu,
542 1180 632 1237 incidit
651 1182 755 1235 cunctis
778 1183 803 1235 in
820 1129 919 1250 offlam,
972 1182 1133 1244 tus‘luisscn
1151 1180 1310 1236 Benedictus
1327 1191 1507 1247 cognomento
1530 1183 1635 1253 Biscop.
1651 1185 1766 1252 cupiens

131 1252 178 1320 qui
189 1259 303 1306 tractare
315 1250 442 1306 seditiose
455 1260 593 1320 caeperunt
605 1251 655 1305 snb
669 1250 832 1306 clandestina
847 1267 919 1308 acca
971 1258 1000 1305 et
1019 1252 1075 1319 ipse
1094 1251 1206 1317 Romam
1227 1252 1267 1305 ire
1286 1250 1412 1314 advenit,
1433 1252 1526 1321 sicque
1549 1254 1629 1308 ambo
1649 1253 1766 1324 proiecti

131 1323 252 1386 satione,
271 1320 393 1376 diceutes
408 1322 485 1391 quasi
510 1333 620 1388 regnum
640 1329 763 1376 evertere
783 1322 922 1377 titoliretur
971 1330 1043 1375 stitit.
1058 1320 1146 1376 Eritis
1159 1323 1244 1390 liquet
1255 1320 1310 1388 lam
1324 1319 1359 1374 lt
1369 1335 1453 1375 annos
1465 1329 1556 1376 natum
1570 1327 1765 1382 monasterinm

131 1391 247 1448 occulte.
260 1390 363 1445 interea
378 1390 446 1446 lacta
461 1400 502 1446 est
515 1388 670 1460 coniunctio
681 1405 714 1445 ex
729 1390 921 1462 regisimperio
972 1390 1081 1456 adiisse,
1096 1389 1129 1444 ad
1144 1391 1232 1445 mitras
1245 1389 1313 1444 duos
1333 1404 1419 1446 asinos
1433 1401 1640 1459 commoratum,
1664 1408 1767 1450 corice·

132 1463 159 1517 in
169 1461 322 1517 surburbana
337 1461 536 1517 Aurelianensis
552 1460 683 1515 urbis...
700 1459 726 1515 in
741 1475 821 1529 quam
836 1476 920 1517 vene-
972 1469 1074 1531 ptoque
1085 1460 1197 1514 Romam
1211 1458 1326 1514 adeundi
1338 1460 1463 1526 consilio,
1480 1462 1607 1528 reginam,
1618 1472 1646 1518 et
1660 1462 1765 1520 Cantim

132 1541 192 1586 rant
202 1546 328 1600 proceres
341 1531 456 1600 urajores
470 1539 534 1586 natu
546 1571 553 1592 ,
565 1529 701 1599 ducesque
714 1546 775 1584 cnm
790 1531 919 1599 plebibus.
972 1543 1062 1598 regem
1074 1530 1171 1585 adiisse
1183 1538 1211 1584 et
1221 1529 1346 1598 denique,
1358 1538 1386 1583 ut
1397 1531 1640 1599 probabilissimum
1651 1541 1703 1598 est,
1716 1550 1765 1588 an·

132 1601 198 1656 llaic
216 1602 275 1658 loco
289 1602 366 1657 solita
381 1602 521 1657 vacatione
536 1600 566 1654 B.
590 1600 736 1654 antistitem
751 1615 812 1654 cnm
828 1600 918 1656 iratri-
973 1615 1022 1654 nos
1049 1609 1141 1654 natum
1166 1599 1200 1653 ll
1229 1601 1377 1653 Rorrranum
1414 1600 1466 1654 iter
1490 1614 1645 1668 aggressum
1669 1600 1764 1672 luisse,

131 1671 181 1727 bus
195 1671 536 1737 credidernntadluturum‚
547 1669 594 1725 sed
608 1670 651 1725 bic
662 1669 748 1725 adbuc
759 1670 855 1738 tessus,
869 1687 922 1740 qao
974 1669 1132 1738 lugdunum
1153 1669 1220 1724 inari
1245 1677 1370 1737 terraque
1389 1672 1514 1738 petiise,
1540 1687 1642 1726 nimam
1663 1673 1699 1727 ibi
1714 1673 1766 1728 ali·

131 1756 218 1809 nuper
246 1741 414 1797 laboraverat
446 1740 523 1796 tmdio
556 1739 649 1794 venire
671 1756 726 1793 uon
749 1739 839 1795 valuit.
865 1740 921 1810 Sir,
973 1738 1767 1809 quandiulccisse,e1indellomamprofectuumiucaci-

130 1824 210 1880 quem
233 1810 361 1865 adversus
383 1810 468 1880 (euru)
484 1818 676 1879 conceperant,
702 1810 856 1865 revelarunt
868 1810 917 1865 do·
938 1798 958 1856 Β
972 1811 1055 1865 vitate
1068 1808 1159 1878 aliquo
1172 1816 1304 1878 tempore,
1317 1818 1414 1878 atquae
1433 1809 1589 1866 decreverat
1599 1827 1765 1873 exsequere-

132 1881 204 1946 lum,
220 1889 247 1935 ct
270 1881 328 1950 ejus
342 1893 498 1947 germanum
519 1881 594 1949 quasi
615 1879 770 1950 praelectum
786 1880 917 1949 Lugduni,
971 1888 1031 1947 tnr,
1055 1880 1203 1945 mansisse,
1220 1879 1376 1946 Lugdunum
1390 1894 1527 1933 reversum
1541 1889 1595 1935 tres
1609 1896 1695 1938 annos
1716 1883 1767 1938 ibi·

129 1959 242 2020 quaeest
255 1949 448 2020 caputGalliar‚
462 1949 633 2004 vcbcmcuter
647 1950 779 2018 angebant
810 1966 840 2005 ro
852 1950 919 2006 salso
971 1949 1031 2004 dem
1047 1950 1116 2019 apud
1128 1949 1335 2004 dnnemuudum
1351 1950 1494 2017 mansisse,
1506 1965 1556 2006 nec
1565 1952 1626 2005 inde
1640 1953 1691 2008 nisi
1703 1961 1768 2021 post

130 2019 292 2075 inlldelitalis
307 2021 438 2082 ariadne,
452 2036 499 2074 rex
514 2020 647 2074 truncavit
667 2019 764 2088 capite.
782 1966 856 2075 lpum
880 2021 920 2075 vir
970 2019 1097 2073 antistitis
1111 2035 1204 2075 necent
1220 2020 1373 2074 recessisse.
1389 2018 1429 2073 lix
1443 2020 1539 2088 quibus
1551 2020 1660 2078 evidente
1680 2030 1722 2078 est
1734 2024 1765 2079 S.

129 2089 191 2159 bei,
212 2090 286 2145 addit
307 2090 412 2146 libel'us
433 2090 585 2145 monialium
601 2089 629 2144 S.
644 2089 714 2143 Petri
735 2089 867 2158 Lugdun„
884 2106 918 2145 ex
971 2090 1118 2145 antistitem
1136 2090 1194 2144 neci
1209 2089 1336 2142 traditum
1359 2090 1409 2143 sub
1423 2089 1638 2145 Clodoveoanuo
1651 2090 1703 2146 655
1719 2101 1767 2148 aut

131 2159 219 2216 iratris
239 2161 348 2216 interitu
363 2160 436 2214 illico
459 2176 514 2215 suac
537 2159 630 2214 didicit
646 2160 707 2213 ritae
729 2161 917 2230 dispendium:
969 2158 1032 2214 ι’56.
1049 2158 1638 2230 EomLugdonensesutmartqremcoluntrv
1649 2160 1764 2218 Kalend.

129 2237 156 2286 et
166 2232 227 2298 quia
237 2233 346 2299 spiritus
358 2242 496 2300 promptus
506 2237 556 2295 est,
568 2238 596 2284 et
607 2244 671 2284 caro
685 2244 791 2299 semper
803 2231 917 2299 iulirrna,
968 2228 1100 2285 Octobris.

130 2308 169 2355 trc
190 2301 277 2367 idaus,
294 2301 429 2371 paululum
451 2300 484 2355 ab
496 2301 560 2355 urbe
574 2299 721 2354 declinavit
736 2301 917 2369 presentiam.
1005 2299 1034 2355 S.
1049 2300 1178 2354 antistitis
1193 2315 1293 2370 corpus
1308 2299 1465 2367 Lugdunum
1489 2301 1620 2357 miraculo
1642 2301 1764 2357 delatum

129 2316 188 2424 Sec?
196 2381 287 2440 postea
311 2369 468 2425 recordatus
479 2369 596 2440 praemii,
612 2369 741 2441 martyrio
756 2385 786 2425 se
808 2375 919 2440 cupiens
970 2368 1052 2425 fuisse
1063 2371 1177 2437 videtur,
1196 2384 1257 2424 nam
1271 2379 1299 2424 ut
1309 2370 1410 2425 babent
1423 2379 1529 2426 veteres
1541 2371 1640 2426 chartae
1655 2373 1768 2442 parthe·

129 2442 273 2508 munerari,
289 2441 321 2495 ad
333 2440 466 2511 propriam
481 2453 604 2496 reversus
625 2446 667 2495 est
679 2438 814 2495 civitatem
819 2478 873 2495 .....
887 2437 919 2494 tn
969 2441 1048 2495 nornis
1069 2440 1098 2495 S.
1115 2441 1188 2495 Petri
1202 2439 1272 2508 apud
1290 2440 1396 2495 Severi.
1420 2441 1561 2510 «positum
1586 2443 1612 2495 iu
1641 2442 1767 2500 navicula

129 2508 182 2576 lam
201 2511 286 2566 tribus
306 2510 417 2566 ducibus
431 2520 593 2580 praeceptum
615 2508 700 2564 luerat
712 2518 740 2564 ut
755 2509 785 2566 Β.
807 2509 917 2580 pontill-
973 2509 1064 2564 Araris
1084 2512 1186 2580 absque
1205 2510 1353 2575 nauclero,
1378 2526 1426 2566 seu
1458 2526 1619 2580 quocunque
1641 2514 1766 2579 ductore,

128 2593 186 2634 cem
202 2580 251 2635 sub
263 2580 314 2636 dda
325 2581 444 2637 custodia
457 2580 568 2649 principi
585 2588 786 2648 praesentarent,
803 2586 883 2651 atquc
894 2579 917 2635 si
971 2579 1128 2651 Lugdunum
1137 2581 1267 2635 directum
1282 2580 1340 2634 luit.
1355 2581 1406 2634 ltrs
1417 2581 1493 2642 mira,
1509 2597 1670 2653 quacunque
1684 2592 1764 2652 parte

128 2649 298 2715 resultasset,
318 2650 479 2706 exstinctum
501 2653 693 2719 relinquerent.
717 2650 796 2704 Ocius
810 2652 916 2719 Lugdu·
969 2652 1106 2714 transiret,
1122 2651 1212 2706 omnia
1227 2650 1349 2722 cyrribala
1363 2651 1456 2719 qinein
1471 2653 1511 2707 bis
1525 2653 1589 2706 locis
1600 2665 1689 2717 erant,
1701 2653 1767 2707 aba·

128 2735 191 2774 unm
202 2721 388 2791 perveniunt.»
401 2721 500 2787 Captus
511 2729 552 2774 est
564 2729 591 2775 et
605 2720 752 2786 abductns3
768 2734 810 2785 ac,
824 2729 854 2774 nt
866 2720 919 2775 lert
968 2735 1020 2791 que
1040 2722 1158 2790 agitante
1178 2729 1342 2785 sonnerunt3
1367 2729 1449 2788 atque
1469 2721 1522 2775 dito
1543 2721 1704 2777 candelabra
1720 2737 1766 2777 ar-

128 2790 253 2845 breviarii
273 2791 372 2846 manial
384 2807 428 2846 unr
442 2791 600 2859 antiphona,
612 2788 742 2845 cabilone
762 2791 916 2855 mulctatum
968 2800 1065 2859 genten
1084 2791 1214 2846 divinitus
1227 2792 1345 2860 desuper
1364 2790 1524 2856 incoantibus,
1540 2806 1635 2847 sancto
1654 2791 1766 2862 corpori

128 2867 157 2915 et
170 2868 200 2914 nt
213 2861 312 2930 legitur
325 2862 350 2915 in
365 2860 480 2916 lectione
491 2869 588 2915 octava
604 2859 749 2915 Domiuieae
761 2859 829 2915 inira
845 2868 918 2916 octa·
968 2861 996 2916 in
1011 2862 1072 2917 navi
1092 2861 1223 2916 continuo
1239 2861 1419 2916 adhaeserunt.
1440 2862 1515 2927 Quod
1531 2876 1545 2914 a
1564 2862 1638 2916 clero
1654 2861 1765 2929 Lugdu·

128 2945 209 2984 vam:
228 2931 482 3001 ‹Cumapraalecto
499 2940 526 2986 et
546 2928 706 2985 satellitibus
727 2930 760 2985 ad
783 2931 870 2986 locunt
886 2930 915 2986 S.
969 2933 1043 2986 nensi
1061 2939 1088 2986 et
1108 2931 1212 2987 civibus
1237 2939 1278 2984 est
1302 2939 1440 3000 receptum
1464 2948 1525 2986 cum
1546 2929 1610 2986 lletu
1631 2932 1765 2998 maximo,

127 2997 256 3057 Martialis
279 3002 378 3057 civitati
403 3000 588 3056 aurelianensi
614 3000 730 3055 vicinum
755 3001 834 3070 regiis
847 3016 917 3071 pne·
968 3002 1166 3070 gandiotameu
1182 3001 1326 3071 permixto.
1343 3002 1421 3056 Et...
1447 3017 1507 3057 curn
1526 3002 1639 3072 quisque
1654 3009 1764 3057 tantum

126 3072 274 3128 sanandus
292 3071 481 3143 conspectibus
495 3071 649 3136 duceretur,
660 3071 686 3125 in
710 3072 847 3127 territorio
861 3072 914 3126 Ca·
968 3074 1018 3127 sibi
1028 3072 1164 3127 vindicare
1179 3070 1260 3127 vallet
1273 3073 1449 3134 tnesaurum,
1468 3081 1496 3126 et
1516 3074 1548 3126 ad
1564 3071 1701 3142 propriam
1714 3072 1767 3127 de·

126 3139 259 3199 hilonensi
275 3142 389 3198 tentoria
403 3146 527 3198 lixcrunt.
546 3141 596 3197 Ubi
617 3142 742 3196 timentes
756 3157 790 3195 ne
804 3141 916 3210 gratiam
969 3141 1040 3198 serre
1055 3142 1207 3208 ecclesiam,
1223 3141 1374 3197 nullatenus
1388 3142 1422 3197 de
1437 3143 1496 3197 ioco
1511 3141 1642 3197 dimoveri
1656 3144 1766 3212 ,potnit

126 3213 196 3280 apud
207 3227 298 3282 regem
320 3212 461 3273 inveniret,
478 3226 624 3281 clarumque
645 3211 861 3266 viracbinamenta
873 3227 917 3267 re·
970 3211 1028 3280 Qua
1043 3213 1076 3268 de
1087 3228 1116 3267 re
1138 3211 1215 3266 valde
1236 3211 1360 3266 adniirati
1372 3221 1431 3266 sunt
1448 3228 1553 3279 onmes,
1572 3220 1654 3282 atque
1676 3212 1768 3282 strapi-

125 3280 289 3338 ducerenur
314 3283 347 3338 ad
376 3282 506 3344 nibilum,
529 3281 595 3334 inito
616 3281 727 3335 coasilia
752 3295 813 3335 eum
838 3292 919 3337 nocte
969 3284 1022 3338 cati
1036 3283 1064 3337 id
1079 3296 1175 3346 causac.
1192 3280 1264 3352 quod
1286 3290 1406 3337 nondum
1422 3282 1529 3338 adesset
1543 3282 1680 3354 processio
1700 3297 1765 3338 mo·

127 3351 311 3407 occiderunt.»
336 3353 436 3406 Aderat
448 3350 606 3416 Willridus,
630 3351 785 3417 irragistrum
810 3359 919 3408 secutus
969 3353 1080 3408 nialium
1095 3350 1250 3411 monasterii
1270 3351 1299 3406 S.
1321 3350 1403 3408 Petri.
1423 3350 1452 3406 ln
1468 3368 1501 3408 eo
1523 3354 1594 3409 euim
1614 3351 1767 3408 erantduae

128 3420 308 3477 «desiderans
327 3437 386 3476 cum
403 3435 434 3476 eo
447 3422 548 3492 pariter
573 3421 753 3476 ocamnbere:
776 3422 823 3476 sed
849 3423 920 3478 launo
971 3423 1134 3478 vendicatae
1157 3421 1188 3476 B.
1204 3421 1375 3477 Annemundi
1398 3437 1524 3489 sorores,
1539 3438 1600 3494 quae
1621 3421 1766 3478 accersita

127 3490 173 3545 ubi
189 3492 371 3562 peregrinum,
387 3499 468 3561 atque
479 3490 513 3546 dc
527 3490 637 3546 tratione
651 3491 799 3560 Lugiorum
813 3505 916 3561 cogno·
968 3492 1067 3549 devote
1080 3493 1144 3548 lllnc
1164 3501 1348 3548 accesserunt.
1364 3493 1423 3561 Quo
1436 3507 1497 3548 cum
1511 3493 1698 3563 pervenissent
1716 3507 1765 3558 so·

127 3574 211 3631 vere,
232 3577 320 3634 neqrtc
343 3574 405 3617 eum
420 3560 554 3617 trucidare
577 3576 638 3616 cum
657 3576 707 3616 suo
726 3562 836 3617 voluere
850 3577 919 3633 pon·
969 3578 1062 3631 rores,
1085 3577 1183 3632 corpus
1203 3560 1291 3617 iratris
1312 3563 1354 3618 sui
1383 3577 1443 3618 esse
1466 3570 1661 3632 cognoverunt.
1685 3560 1767 3619 Tunc

28 3664 31 3669 ·
126 3630 237 3686 tidce.s
969 3642 1091 3691 sanctum
1115 3648 1213 3703 corpus
1235 3632 1362 3688 divinitus
1383 3641 1486 3687 motttm
1502 3633 1595 3690 adeas
1615 3631 1768 3702 appropin-

162 3699 281 3773 leupus
304 3703 361 3787 eius
381 3703 455 3760 necis
479 3701 664 3759 didicultatum
690 3716 768 3772 seges
795 3711 838 3758 est
840 3740 918 3759 .....
969 3704 1080 3785 quavit,
1103 3705 1168 3759 satis
1191 3702 1263 3757 clare
1288 3703 1459 3758 innotescens
1479 3703 1550 3774 apud
1572 3701 1767 3759 easdemrellc

129 3791 139 3826 r
157 3772 340 3829 llrunecbiidrs
361 3774 464 3844 regina,
486 3773 573 3842 inquit
593 3774 680 3838 Beda,
696 3773 741 3828 tib.
756 3789 784 3838 r,
798 3788 859 3843 cap.
873 3773 918 3842 Sd,
969 3773 1147 3842 sepeliri......
1160 3771 1296 3842 obsequiis
1309 3772 1400 3842 itaqua
1413 3773 1578 3830 funeralibus
1591 3774 1625 3828 ab
1636 3772 1765 3829 omuibus

24 3856 27 3861 ’
126 3842 216 3898 missis
230 3845 358 3900 militibus
377 3849 531 3970 episcopum
544 3843 625 3914 jussit
646 3841 863 3906 interlici‚sboc
878 3851 920 3901 est
969 3844 1016 3914 qui
1038 3852 1220 3899 couvenerant
1253 3842 1319 3896 viris
1342 3843 1532 3898 ecclesiasticis
1554 3842 1716 3899 solemniter
1736 3849 1766 3899 ct

127 3924 190 3969 ante
205 3929 304 3970 annum
319 3914 388 3982 otti,
403 3931 459 3987 quo
500 3925 574 3968 stare
596 3918 705 3983 aequit,
723 3923 752 3967 ut
765 3912 820 3982 jam
841 3913 919 3970 initio
969 3929 1030 3970 cum
1045 3913 1161 3969 unanimo
1176 3914 1279 3968 bonore
1292 3915 1429 3982 peractis,
1444 3922 1591 3983 sanctoque
1607 3915 1637 3967 ll.
1658 3920 1765 3984 marty·

127 3981 206 4051 buius
221 3986 326 4040 articuli
342 3984 595 4040 demonstravimus.
611 3982 748 4038 liudeviti
770 3983 919 4040 doctissimi
969 3984 1006 4039 ris
1019 3998 1133 4053 corpore
1148 3983 1174 4037 iu
1185 3982 1257 4036 dicta
1270 3982 1299 4038 S.
1313 3982 1385 4039 l’ctri
1404 3982 1518 4038 ecclesia
1533 3991 1659 4039 recenter
1673 3993 1765 4037 turun-

125 4061 237 4110 censeut
251 4056 331 4111 verba
353 4057 409 4111 baec
424 4055 594 4109 Branicliilda
608 4054 714 4124 regina,
741 4052 811 4107 male
824 4052 850 4108 iu
866 4053 918 4109 Be·
969 4052 1025 4109 lato
1028 4093 1082 4111 .....
1099 4053 1183 4107 adluit
1196 4052 1304 4122 quidam
1319 4067 1416 4119 mous,
1430 4053 1682 4122 visuquerecepto,
1696 4052 1767 4108 duas

125 4123 167 4178 dae
180 4130 281 4181 textum
302 4126 452 4196 irrepsisse.
462 4123 515 4178 alii
529 4125 579 4178 snb
593 4123 711 4178 L'lotario
733 4123 812 4177 tertio
824 4130 851 4178 et
864 4122 918 4179 Bn-
968 4122 1107 4195 lampades
1121 4122 1227 4186 obtulit,
1267 4131 1434 4193 erpctnoqua
1446 4138 1507 4178 cum
1529 4122 1582 4178 olei
1596 4125 1701 4204 liquore
1720 4121 1766 4177 ln·

126 4192 210 4250 tbilde
228 4196 320 4266 regina
336 4197 464 4268 martyrio
479 4203 637 4250 coronatum
656 4201 826 4262 propugnant
849 4209 857 4248 r
881 4194 919 4249 ita
969 4209 1031 4249 cera
1045 4193 1189 4248 ordinavit.
1207 4212 1216 4245 s
1231 4138 1304 4247 idem
1320 4199 1433 4248 testatur
1456 4192 1602 4248 Leidradus
1621 4208 1648 4246 m
1669 4191 1767 4248 litteris

125 4275 204 4321 vetas
218 4267 377 4322 breviarium
392 4280 507 4320 cannara
523 4263 727 4334 Lugdunensis;
747 4283 756 4315 ι
773 4263 847 4332 qnasi
872 4279 917 4321 re·
968 4264 1003 4318 ad
1014 4262 1140 4319 Carnium
1155 4262 1279 4330 llagnum
1295 4263 1407 4318 dicens:
1427 4262 1638 4318 ‹Monasterium
1655 4261 1764 4332 puella·

126 4350 206 4405 gnum
219 4334 330 4391 Clotarii
344 4334 378 4390 lll
394 4335 535 4390 moliretur
547 4334 652 4390 occulte
667 4352 676 4385 s
693 4342 722 4388 et
735 4332 819 4388 inira:
832 4349 917 4390 icon·
968 4350 1028 4389 rum
1044 4334 1069 4387 in
1086 4335 1215 4388 bonorem
1235 4333 1321 4389 sancti
1338 4332 1409 4387 Petri
1423 4331 1588 4399 dedicatum,
1603 4333 1649 4387 abi
1659 4347 1763 4402 corpus

125 4415 233 4474 ceptum
256 4420 336 4474 quem
362 4405 490 4461 aduersus
513 4405 544 4459 B.
559 4404 711 4474 pontilicem
723 4412 917 4475 conceperant,
968 4405 997 4460 S.
1020 4404 1190 4459 bnncuuundi
1207 4404 1346 4457 liutnatum
1361 4411 1419 4468 cst,
1436 4404 1509 4472 quod
1524 4404 1581 4473 ipse
1600 4403 1630 4458 S.
1655 4410 1764 4473 martyr

125 4475 279 4530 revelarunt
292 4476 399 4539 dolum,
424 4483 452 4529 et
466 4475 524 4544 ejus
537 4488 695 4543 germanum
698 4511 846 4531 .........
858 4477 916 4531 ilex
968 4475 1112 4546 episcopus
1124 4472 1249 4535 instituit,
1266 4488 1317 4541 ego
1334 4470 1519 4528 laudaticum
1534 4473 1659 4537 ecclesia,
1677 4487 1763 4542 quam

125 4553 155 4599 et
173 4543 303 4601 Batbildls
329 4546 421 4614 regina
444 4551 618 4599 truncaverat
645 4544 743 4613 capite.
764 4564 774 4598 l
805 4544 915 4614 Verum,
930 4517 1077 4600 ”domum
1088 4545 1248 4599 restauravi.
1265 4562 1274 4595 s
1289 4544 1346 4597 b'on
1358 4558 1402 4598 rire
1420 4542 1486 4597 latet
1496 4543 1525 4599 S.
1540 4542 1637 4597 Nice-tii
1650 4541 1766 4597 canoni·

125 4613 287 4670 breuiarium
315 4615 379 4670 ιιιιιιι
399 4613 541 4670 manifesto
560 4623 715 4685 corruptum
739 4614 862 4682 videtur,
887 4623 917 4670 ut
967 4629 1016 4670 cos
1037 4629 1145 4669 sacrum
1168 4612 1233 4667 illud
1255 4628 1352 4685 corpus
1376 4613 1403 4668 in
1428 4614 1484 4669 suis
1502 4614 1603 4737 chptis
1622 4612 1765 4667 coirditum

125 4685 183 4754 ipse
194 4685 668 4756 Sei-ertiaslantocnprirnoergo
684 4683 838 4750 illiusloom
858 4684 917 4741 baec
968 4685 1112 4739 aliirmare..
1133 4683 1259 4740 Nostram
1272 4695 1376 4738 nonest
1395 4682 1512 4738 lraslites
1545 4683 1764 4743 eliniremtrias·

126 4755 179 4810 duo
194 4757 274 4809 verba
289 4756 397 4810 (dotarii
415 4754 463 4810 lll
478 4765 542 4812 suut
556 4754 753 4824 amnigenam
777 4756 803 4809 in
831 4755 917 4811 altero
936 4795 940 4800 -
968 4770 1021 4826 que
1036 4755 1120 4824 partis
1133 4762 1290 4823 argumenta
1301 4753 1347 4824 qui
1369 4753 1484 4807 voluerit
1503 4752 1691 4822 perpendere,
1711 4749 1764 4806 Se·

126 4839 208 4893 vero,
233 4824 275 4880 hae
288 4825 409 4881 delendae
429 4841 510 4881 voces
532 4826 669 4886 barbara,
686 4840 836 4894 pannariam
861 4827 918 4897 ejas
968 4825 1234 4895 vertiumadeat‚qni
1249 4839 1281 4879 ea
1293 4822 1464 4878 abundanter
1473 4822 1668 4876 subministrat.
1682 4820 1763 4878 Valet

127 4893 208 4964 (lica)
228 4904 254 4950 et
274 4895 403 4951 Batlrildis
428 4898 519 4967 regina
534 4905 697 4949 truncaverat
719 4896 813 4976 capite.
839 4895 918 4951 Ratio
970 4904 1062 4950 tamen
1084 4895 1156 4965 apud
1176 4909 1219 4949 me
1240 4894 1383 4963 plurimum
1405 4892 1526 4946 Leidradl
1548 4891 1746 4948 testimoninm.

127 4973 169 5021 cst
182 4966 252 5035 quod
265 4966 292 5022 in
317 4967 449 5022 breviario
463 4966 620 5021 monialium
642 4966 671 5018 S.
684 4961 768 5026 Petri.
783 4973 812 5020 et
825 4964 915 5020 libella
1005 4963 1102 5019 Nescio
1125 4979 1179 5033 qna
1194 4963 1367 5018 laudamento
1388 4964 1465 5017 nivms
1484 4963 1631 5016 asseruerit
1653 4961 1763 5017 Severt.

89 5058 93 5064 ·
126 5036 273 5092 eoenobiia
294 5036 416 5093 Severtio
434 5035 542 5098 citatis,
562 5035 671 5089 tranriaa
690 5033 801 5090 Clotarii
824 5034 917 5090 eilia·
968 5035 1175 5090 annemundum
1193 5033 1316 5098 Clotarii,
1337 5031 1765 5100 ClodoveoexBatlrilderegina

127 5105 235 5176 mida,
259 5108 314 5164 imo
327 5117 355 5163 et
368 5106 477 5163 Ebroini
493 5107 661 5161 omittantur.
680 5103 734 5159 Sed
747 5113 775 5160 et
787 5105 813 5160 id
828 5107 916 5174 palam
968 5117 1039 5160 atino
1049 5111 1078 5159 ut
1090 5103 1198 5159 videtur
1214 5102 1264 5158 titi
1278 5102 1334 5156 nati
1350 5102 1484 5172 patrinum
1505 5101 1606 5164 livisse;
1621 5116 1684 5156 curn
1696 5108 1724 5156 et
1736 5100 1765 5157 td

127 5184 170 5233 est
184 5191 218 5232 ex
227 5177 401 5248 chronologia
419 5176 451 5233 S.
463 5174 587 5231 wilfridi.
601 5172 660 5228 tam
674 5175 840 5230 ostendimus
854 5190 916 5230 eum
968 5175 1057 5229 nullus
1073 5175 1188 5245 scriptor
1202 5174 1329 5243 antiquus
1349 5181 1467 5238 asserat,
1483 5182 1511 5228 et
1530 5171 1766 5228 saucacorum

126 5255 219 5302 natum
231 5247 314 5303 ilrisse
325 5262 397 5302 anno
407 5246 470 5300 itt.
486 5245 644 5301 Cumsolvit
656 5258 689 5298 ex
707 5246 843 5299 licitaturia
856 5260 917 5300 sex·
969 5244 1030 5299 Vita
1044 5244 1072 5298 S.
1094 5243 1168 5313 litigii
1183 5251 1258 5298 notet
1271 5259 1332 5298 eum
1348 5241 1463 5296 Balbildi
1484 5241 1640 5311 praedixisse
1654 5257 1762 5298 mascu-

126 5316 338 5374 declm'cireiter
352 5332 484 5373 annorum
498 5323 568 5378 erat,
581 5314 620 5369 uti
638 5328 692 5368 non
705 5315 820 5371 obscure
835 5323 918 5370 testa-
969 5314 1022 5368 laur
1040 5314 1141 5384 prolem
1164 5314 1190 5369 in
1206 5323 1282 5369 utero
1305 5313 1363 5380 eius
1384 5312 1496 5381 gestari,
1509 5311 1655 5381 addatque.
1669 5330 1680 5363 ι
1698 5309 1765 5369 llace

128 5395 172 5442 tur
182 5388 264 5454 Beda,
282 5388 328 5443 lib.
342 5405 368 5453 r,
379 5403 440 5457 cap.
454 5385 500 5452 ιθ,
512 5385 624 5441 dicens:
642 5403 652 5435 ι
668 5384 710 5438 ubi
730 5394 855 5455 quartum
867 5384 916 5440 de·
970 5394 1061 5440 autern
1076 5384 1165 5440 amula
1177 5385 1247 5440 sicut
1259 5382 1392 5453 prsedisit,
1406 5382 1440 5435 ita
1457 5380 1564 5436 denium
1574 5397 1665 5436 rerum
1678 5397 1765 5437 eveu-

126 5458 226 5514 eimum
239 5460 325 5513 atatis
345 5458 457 5527 contigit
474 5471 584 5521 aritium,
608 5455 916 5511 riionasticamsaeculari
972 5463 1014 5509 tus
1029 5455 1170 5524 probavit:
1188 5471 1249 5509 uam
1272 5465 1300 5508 et
1314 5453 1399 5522 regim
1425 5452 1508 5507 lilium
1524 5452 1646 5522 protulit,
1668 5460 1697 5506 et
1709 5451 1764 5506 tli-

126 5528 210 5582 ritam
224 5527 372 5595 praetulit...
387 5536 498 5600 pater...
510 5526 613 5580 annuit.
631 5523 709 5579 licuit
723 5539 787 5595 erga
800 5526 826 5579 iu
842 5527 913 5580 insu·
970 5525 1029 5594 gius
1040 5539 1102 5580 euin
1124 5524 1234 5580 tiliolum
1254 5524 1361 5587 babuit;
1375 5537 1406 5576 ac
1421 5537 1520 5577 nomeu
1536 5522 1595 5592 ejus
1614 5521 1754 5580 Clotarins

126 5594 182 5654 lan
194 5596 451 5668 Liudislarueasem,
463 5597 552 5668 ibique
564 5597 759 5653 inonaclioruu
777 5594 918 5654 lamulatai
971 5595 1044 5666 quod
1056 5595 1157 5651 dudum
1167 5596 1311 5660 indiderat,
1327 5594 1467 5650 vocitavit.
1485 5611 1496 5646 a
