3788 6126
134 359 185 417 tsi
731 347 854 409 stituit
872 347 1015 407 muttit!
1033 347 1134 407 PAPAE
1154 349 1164 406 Ι
1713 335 1766 395 156

134 475 295 529 staturatitcr
308 474 479 534 existentem,
490 469 551 524 licet
565 475 675 538 propter
689 480 739 523 noa
749 482 813 522 raro
823 467 908 523 lactus
920 469 966 534 tlt,
979 477 1002 522 et
1012 482 1056 521 tos
1066 476 1186 537 tanparnt
1194 464 1291 536 lapidas
1301 462 1349 516 ciui
1359 459 1521 521 oedidcrrnini
1532 457 1624 513 domus
1636 457 1768 525 spirituo·

132 569 176 629 tia,
187 568 215 620 ln
226 568 395 620 coenantium
407 573 534 626 reiectant,
548 559 680 626 offerentes
693 559 820 629 spiritales
837 559 933 613 trontius
946 559 998 627 ipsi
1009 560 1038 612 io
1049 559 1152 612 odorem
1165 556 1295 613 rnouitotis
1304 554 1329 626 (l
1343 553 1414 612 Petr.
1423 552 1463 623 ιι).
1474 551 1527 607 Sed
1542 560 1565 606 et
1575 554 1768 620 nnnc,frotrea,

132 658 337 707 roormendmnur
355 666 441 704 ornnes
455 664 499 703 oca
514 647 637 723 lioprino,
650 657 674 701 rt
687 647 761 701 uerbo
779 650 870 717 protioe
881 650 937 712 ciat
953 649 1024 717 (Art.
1038 647 1155 718 cripui
1176 654 1263 717 potest
1272 643 1402 715 perlicere
1415 650 1443 698 et
1455 643 1521 698 darn
1537 642 1726 697 hereditatem
1740 639 1768 697 ia

134 745 258 799 omnibns
287 742 473 799 sanctiticatis.
499 737 557 810 lpse
584 749 672 795 attoem
701 738 772 793 beas
800 738 874 806 pacis
900 746 928 794 st
950 738 1140 793 consolationis
1164 737 1212 793 det
1242 734 1317 790 uobis
1347 733 1460 803 idipsum
1491 745 1586 802 sapere
1613 731 1640 785 in
1665 730 1770 786 alteru·

134 846 221 898 trum,
237 843 265 890 et
287 835 314 889 in
338 835 396 904 ipso
410 849 530 902 setnper,
547 844 575 889 ut
588 836 613 891 in
634 835 761 889 omnibus
781 834 932 900 unattiotas,
949 848 1002 889 uno
1023 847 1071 888 ore
1084 842 1112 888 et
1126 847 1178 887 uno
1191 833 1272 886 corde
1286 829 1495 884 bonorillccmut
1512 841 1574 882 eum
1594 826 1620 881 in
1651 840 1768 882 concor·

132 930 176 984 dia
196 927 352 982 orthodoxae
372 927 431 982 ndei
445 929 536 1000 (lloot.
553 930 609 998 rt),
624 928 669 998 qui
687 935 777 996 potens
800 937 837 982 rat
857 927 1009 996 confirmare
1021 942 1069 981 ttoa
1081 926 1224 980 secandum·
1240 921 1408 992 Eoonpeliaot
1423 924 1489 988 siut,
1512 922 1654 975 ucundaot
1668 921 1766 975 seorim

132 1005 225 1072 tionem
242 1017 355 1088 otpsterii
369 1016 522 1088 temporibus
544 1019 645 1072 retersit
668 1017 748 1082 turriti,
772 1014 894 1087 patefacti
906 1024 992 1071 autam
1006 1015 1213 1087 perscripturus
1236 1023 1348 1077 sanctos,
1373 1019 1400 1067 st
1420 1019 1526 1079 patrum
1549 1011 1763 1066 ortbodoxorttm

133 1108 278 1172 doctrinas,
299 1107 438 1161 aecsndttnt
451 1117 605 1177 proseptum
627 1105 716 1160 temni
732 1105 791 1169 liei,
805 1104 840 1158 od
854 1103 1023 1158 obediendum
1037 1102 1109 1171 fidei,
1123 1103 1151 1156 itt
1163 1102 1280 1155 omnibus
1303 1100 1377 1154 nobis
1396 1099 1493 1170 capniti
1506 1098 1595 1169 (idom.
1618 1099 1687 1168 nrt).
1704 1100 1763 1154 Soli

131 1198 246 1270 raptent
261 1197 315 1252 [teo
331 1197 443 1251 Dotttitto
457 1203 548 1250 nostro
558 1192 621 1250 lesu
637 1193 916 1257 &claromontano
931 1201 959 1249 ct
970 1192 1072 1261 Spiritu
1087 1200 1191 1255 sartcto,
1205 1191 1299 1261 gloria,
1317 1191 1412 1256 bonor,
1426 1190 1577 1260 imperium,
1598 1201 1626 1247 ct
1644 1200 1765 1261 potestas

135 1290 162 1346 in
177 1290 275 1346 secuta
290 1290 459 1343 soculorum.
473 1288 569 1340 buten.
585 1284 655 1340 Deus
671 1298 719 1338 ros
732 1283 879 1337 incolumes
891 1283 1034 1348 cttstodiat,
1046 1282 1212 1337 dilectissimi
1228 1279 1332 1334 iratres.

657 1482 1097 1619 EPISTOLA
1146 1484 1232 1628 ll,

332 1697 504 1762 tttttrlltl
526 1694 639 1758 PnuAE
661 1700 673 1729 ¹
696 1694 750 1754 Ab
772 1690 974 1753 Antnutttt
998 1689 1218 1755 Ertscortttt
1241 1693 1564 1758 Tnttbcttsttsutt.

31 1795 32 1798 Ἴ
130 1826 299 1890 Diaauodrt
315 1843 352 1885 rte
373 1825 586 1903 cpiscoporum
609 1817 749 1885 abdicat:
767 1814 867 1876 mittit
881 1821 954 1906 octo
969 1813 1083 1892 spondi
1099 1816 1255 1906 Romano,
1270 1821 1305 1876 ot
1324 1814 1361 1876 ob
1377 1815 1531 1908 episcopis
1549 1816 1674 1892 Gallio,
1687 1841 1768 1885 cott-

168 1917 299 1996 prepoto
312 1904 445 1992 rpoodo,
462 1902 710 1992 confirmentur:
727 1901 829 1955 otoort
843 1900 878 1954 nt
888 1891 1048 1970 Stpebrrto
1066 1902 1294 1993 reppsopprrot
1304 1896 1341 1956 de
1354 1897 1513 1958 mittemini
1527 1897 1561 1957 t'rt
1575 1898 1678 1961 urbem
1695 1905 1768 1983 epi·

168 2003 284 2064 rcopta,
300 2001 352 2062 put
371 1975 579 2088 lepottoorpd
594 1983 808 2056 imperatorem
822 1973 1013 2052 [onpontor.

164 2181 341 2238 Dilectissimo
355 2176 431 2233 tratri
443 2175 565 2232 &mando
581 2173 723 2232 blattinus.
933 2179 1092 2243 amoverit
1111 2194 1192 2248 arque
1211 2179 1239 2233 in
1261 2179 1339 2249 pinara
1362 2179 1472 2251 (Matri.
1494 2199 1522 2249 ι,
1547 2185 1598 2253 22;
1617 2204 1689 2257 m,
1708 2192 1764 2265 43).

165 2268 350 2329 Fraternitatit
375 2277 428 2325 tuce
448 2267 537 2322 studio
552 2267 661 2336 pictatis
683 2276 839 2338 conpertam
860 2269 918 2340 epi·
975 2270 1051 2326 Unde
1075 2285 1191 2340 namque
1215 2272 1292 2328 beata
1316 2275 1525 2341 perseverantia,
1549 2279 1599 2332 nisi
1619 2280 1654 2335 de
1667 2283 1767 2342 rirtnta

131 2366 227 2419 stolata
242 2359 428 2431 suscipientes,
445 2360 550 2414 animoa
564 2361 802 2416 nostrosrelstari
820 2375 919 2431 capno
970 2359 1123 2428 patientias?
1136 2363 1207 2431 quia,
1229 2361 1378 2416 secuudum
1406 2366 1580 2432 apostolicam
1596 2370 1766 2436 predicens.

127 2454 250 2510 tcirnua..
262 2451 368 2521 Quippe
389 2450 515 2520 quoniam
544 2448 624 2518 buius
647 2449 737 2504 saculi
760 2449 919 2521 fluctivagas
969 2466 1029 2506 nctn
1044 2469 1051 2505 :
1069 2450 1160 2508 Omnes
1171 2454 1216 2520 poi
1226 2451 1351 2507 oolsnint
1361 2455 1388 2508 io
1404 2454 1505 2511 cbristo
1515 2460 1556 2529 pie
1569 2462 1661 2530 risere,
1676 2459 1776 2532 pena

128 2556 211 2615 atquc
230 2540 398 2598 transitoriss
421 2539 613 2609 despicientem
638 2541 846 2609 oblectationes,
872 2543 918 2609 illa
967 2542 1082 2596 cationes
1104 2542 1232 2609 potientur
1256 2540 1299 2614 (11
1321 2542 1389 2598 Tim.
1412 2560 1450 2612 nt,
1468 2547 1524 2618 12).
1541 2548 1665 2619 ideoque,
1680 2554 1766 2612 psam

35 2648 39 2660 ’
127 2651 188 2705 oure
203 2641 331 2704 perpetua
343 2640 372 2688 et
384 2630 508 2687 sublimia
531 2629 601 2685 dona
616 2645 666 2699 pro
679 2630 786 2687 bomini
804 2631 850 2687 liei
866 2648 916 2687 uo·
967 2630 1138 2699 charissime,
1161 2647 1214 2687 noo
1237 2646 1285 2686 ros
1308 2632 1483 2692 albinianum
1504 2641 1654 2697 amaritudo
1676 2658 1692 2698 a
1718 2645 1764 2714 pio

129 2723 326 2795 striobacquiia
345 2721 510 2787 tribuuntur,
531 2730 660 2790 appetere
673 2729 777 2777 certuur
802 2730 854 2776 est.
876 2722 915 2777 lia
968 2720 1065 2775 omotis
1080 2729 1177 2775 rostra
1193 2720 1329 2790 proposito
1348 2733 1468 2780 coarctet
1488 2728 1623 2795 recedere,
1638 2731 1765 2788 comldo-
1818 2763 1820 2766 ⁴

126 2817 257 2873 missinae
270 2814 363 2884 igitur,
375 2813 452 2882 juxta
467 2820 589 2867 tenorem
603 2820 656 2866 tuas
667 2810 848 2867 fraternitatis
857 2812 917 2881 epi·
968 2823 1031 2865 rans
1054 2819 1154 2880 quanta
1179 2824 1229 2878 pro
1250 2810 1420 2869 absolutione
1442 2816 1525 2870 nostri
1552 2826 1580 2873 et
1603 2819 1763 2878 liberatione

125 2909 215 2973 stcloe,
236 2904 408 2976 presentium
428 2903 531 2970 latoris,
556 2902 676 2957 laborum
701 2910 806 2958 tuorum
829 2913 917 2957 serta·
967 2897 1082 2956 Creator
1096 2899 1279 2970 [tominusouo
1293 2911 1385 2958 noster
1400 2907 1550 2974 pertulerit,
1566 2909 1715 2982 quibusque
1729 2929 1763 2971 ac

126 3013 188 3056 utcu
202 2995 386 3069 cognorimus,
400 3009 434 3051 er
444 2994 540 3064 quibus
550 2992 668 3049 coelcstis
681 2996 912 3063 patrtaarcansn,
966 2991 1136 3047 contumeliis
1151 2991 1323 3048 abiciendum
1338 2995 1487 3064 tradiderit,
1502 3012 1531 3054 ut
1549 3015 1598 3056 nos
1615 3018 1630 3057 a
1646 3006 1764 3063 rincolt'a

127 3088 288 3147 mittun·
312 3085 456 3150 mentibus,
481 3092 561 3154 atque
588 3083 711 3139 contritis
736 3083 915 3154 corporibus,
967 3081 1105 3138 diabolicae
1119 3083 1257 3152 potestatis
1280 3084 1419 3141 liberaret.
1444 3087 1589 3156 Propterea
1608 3093 1761 3154 multisonus

125 3178 202 3235 robis
213 3173 362 3231 luturorum
375 3173 535 3244 gaudiorum
550 3173 686 3243 largienda
706 3182 771 3229 aunt
791 3189 914 3231 munera.
967 3173 994 3228 io
1010 3171 1163 3243 hujusmodi
1179 3183 1289 3243 peccato
1303 3176 1518 3248 delinquentibus
1542 3181 1575 3236 ad
1599 3185 1762 3242 deatructlo·

90 3306 95 3323 .
125 3271 192 3326 Natu
206 3283 267 3325 cum
281 3267 317 3323 sit
333 3265 398 3322 nulli
423 3267 533 3321 ontnino
559 3266 754 3335 comparationi
773 3281 915 3338 cunquan·
966 3270 1027 3321 ncut
1041 3278 1176 3320 munaum
1187 3265 1401 3334 compassionem
1415 3266 1553 3325 asbibcas.
1570 3269 1635 3326 liam
1649 3274 1696 3344 qui
1710 3288 1758 3331 ss-

127 3359 272 3430 dumoood
289 3357 447 3414 acraators
467 3366 560 3412 nostro
581 3371 631 3427 pro
649 3357 727 3413 boola
741 3358 860 3414 seruitiis
872 3372 916 3414 ra-
966 3353 1021 3410 rnttl
1036 3362 1097 3423 post
1108 3367 1184 3410 ruant
1197 3354 1395 3410 ordinationem
1406 3355 1432 3410 in
1448 3357 1550 3425 lapsum
1561 3362 1697 3428 ceciderit,
1710 3361 1761 3421 tla-

129 3464 266 3523 ponsatur,
280 3450 344 3506 dum
359 3449 432 3505 breti
446 3457 526 3519 stoue
541 3463 624 3518 parro
639 3447 768 3519 temporis
782 3450 868 3520 spatio
883 3449 915 3504 fl.
966 3441 1059 3511 inceps
1070 3443 1126 3511 jam
1139 3441 1277 3508 depositus
1290 3444 1352 3508 orit,
1368 3445 1524 3515 nullumque
1538 3449 1650 3518 pradum
1668 3465 1761 3508 sacar·

128 3544 238 3599 aluntur
258 3541 365 3598 labores
377 3554 445 3610 quos
460 3553 508 3609 pro
526 3538 674 3595 dilsctlona
692 3540 777 3610 ipsius
796 3543 915 3598 stistine-
966 3531 1032 3588 dotii
1045 3533 1143 3600 poterit
1155 3532 1283 3603 adipisci;
1296 3533 1343 3590 secl
1357 3534 1508 3592 suliciatsi
1522 3536 1760 3598 {amaritationibus

129 3649 200 3699 mua,
226 3631 440 3689 consideratione
461 3629 594 3700 refrigerii
618 3645 668 3687 nos
692 3641 799 3701 oportet
821 3632 915 3690 libenti
968 3621 1127 3693 flssflbiililw
1149 3621 1264 3678 ²⁸⁵il¹¹¹5⁸
1293 3636 1432 3693 ll¹¹⁰⁰⁵ll¹¹0
1457 3625 1638 3682 1111110111ῑῦ
1663 3631 1761 3688 ”¹¹⁶0

126 3721 216 3778 animo
231 3720 347 3776 tolerare
361 3717 502 3789 prasentia
525 3719 587 3773 ritae
599 3717 747 3790 angustius.
762 3718 815 3777 ssu
830 3736 916 3793 quan.
967 3713 1124 3784 poenitentia
1148 3714 1304 3783 perdurare,
1327 3724 1358 3770 ut
1378 3718 1552 3775 commissum
1573 3720 1700 3779 delictuta
1717 3726 1761 3782 di·

130 3826 185 3871 prm
213 3813 291 3869 nobis
318 3811 438 3867 latrorum
466 3818 617 3866 vestrorum
641 3810 763 3880 operatio
790 3827 915 3884 magnam
968 3805 1028 3861 rina
1043 3805 1316 3875 pratiaetstiupucrs
1335 3805 1433 3862 ualeat.
1450 3808 1565 3866 Sionim
1582 3812 1763 3884 talctqtttri·

125 3903 216 3976 gaudii
229 3903 379 3958 ubertatem
400 3899 512 3966 inducit,
528 3908 631 3954 tantum
648 3914 697 3968 pro
707 3900 806 3957 duritia
823 3916 915 3958 sacer·
967 3912 1027 3953 mitt
1042 3897 1077 3952 td
1096 3896 1311 3953 11110101111111
1336 3900 1543 3970 if⁰m⁰it³¹¹d⁰⁸a
1566 3904 1662 3974 (illim
1684 3906 1759 3964 ⁰⁰¹1·

126 3994 219 4049 dotum
234 3991 322 4064 petitis
335 3989 407 4046 illius
419 3989 594 4056 conterimur,
609 3989 693 4060 quod,
705 3992 861 4061 postpositis
874 4007 918 4048 sa·
966 4005 1042 4062 supr,
1064 3991 1219 4061 nullumque
1233 3990 1295 4046 ritas
1307 3994 1459 4063 contagium
1479 4005 1582 4052 mentor
1603 4006 1631 4055 ot
1642 4014 1759 4070 corpora

126 4083 189 4138 tutia
199 4096 257 4138 suas
275 4078 421 4152 suffragiis,
444 4089 526 4151 atque
544 4078 731 4149 Redemptoris
751 4082 836 4137 nostri
852 4096 917 4137 con-
967 4080 1120 4151 prapedint,
1136 4089 1236 4151 quanto
1246 4083 1341 4152 napta,
1355 4085 1378 4138 si
1392 4093 1452 4153 post
1464 4087 1660 4146 ordinatione·
1676 4107 1757 4151 auam

129 4172 273 4230 temnendo
294 4171 418 4241 servitia,
441 4170 569 4226 ritiorum
585 4169 725 4229 loetoribtts
746 4171 916 4246 [ioederibua]
966 4172 1098 4241 quispiam
1112 4171 1139 4226 io
1154 4172 1258 4241 lapsum
1269 4175 1407 4241 ceciderit,
1419 4184 1446 4230 ct
1456 4158 1679 4246 prevaricationis
1694 4198 1760 4253 pee-

128 4263 319 4334 ioprarantur,
351 4263 449 4332 quibus
476 4261 509 4316 ad
539 4261 741 4332 proponendam
771 4261 915 4320 salutentb
966 4269 1028 4316 cato
1050 4260 1268 4330 deprebcndatod
1286 4262 1429 4331 obnoxius,
1444 4269 1554 4323 omnino
1573 4271 1759 4340 probibendus

74 4384 83 4394 ·
127 4352 345 4422 qnattdooutdem
369 4359 473 4409 tantum
497 4367 547 4410 nos
567 4366 678 4411 nccetsa
699 4363 741 4410 est
756 4354 917 4426 importunis
966 4363 1080 4410 estanar
1094 4356 1219 4413 manibus
1233 4358 1368 4416 lutulentis
1382 4370 1462 4431 atquc
1476 4364 1585 4432 pollutis
1597 4371 1757 4438 mysterium

128 4443 364 4514 praedicationibus
392 4444 543 4511 imminere,
568 4456 696 4517 quantum
722 4464 771 4505 nos
790 4448 917 4519 perlectas
966 4453 1064 4499 ⁰⁰⁵th
1087 4447 1181 4501 11111ῑί1
1194 4449 1333 4505 tractare?
1348 4450 1442 4520 Sitque
1463 4452 1615 4524 huiusmodi
1636 4472 1757 4529 temper.

128 4533 316 4604 negotiationis
336 4536 501 4591 creditorum
518 4537 605 4620 nobis¹
617 4541 776 4595 talentorum
798 4540 917 4611 duplicet
963 4534 1040 4605 ituit
1055 4550 1194 4591 ”crorum
1207 4551 1340 4594 1110111111
1355 4550 1463 4608 statuta,
1480 4545 1506 4599 in
1522 4544 1572 4600 ¹1⁸⁰
1596 4545 1648 4603 uita
1672 4548 1759 4621 dspo-

126 4622 272 4691 assignatio
281 4630 361 4691 atquo
373 4623 519 4679 bominicae
530 4626 603 4682 rocis
614 4628 916 4700 adsoscipiendantcjtts
965 4626 1041 4692 111111,
1058 4627 1134 4682 111111
1148 4628 1194 4683 illo
1212 4632 1257 4698 qui
1272 4633 1370 4688 mentis
1390 4635 1518 4690 interiora
1537 4649 1682 4711 scrutatur,
1697 4644 1760 4700 nul·

126 4713 244 4783 requiem
257 4717 400 4782 penumst
420 4715 546 4770 assertio.
562 4716 722 4787 Supponunt
737 4728 780 4776 ast
801 4736 916 4791 namque
967 4716 1074 4787 lantque
1088 4718 1122 4773 dc
1136 4719 1233 4776 oribus
1249 4735 1341 4778 strare
1362 4727 1523 4796 congaudet.
1544 4729 1606 4784 dum
1621 4736 1760 4798 aspexerit

127 4805 216 4870 nobis,
237 4819 270 4860 eo
284 4805 354 4874 quod
367 4805 529 4876 presbytcri,
551 4821 598 4862 seu
614 4807 733 4878 diaconi,
755 4811 854 4882 aliique
868 4825 914 4869 aa·
965 4807 1100 4864 ilncertm
1122 4811 1306 4880 ttoenilenlitm
1330 4815 1399 4883 ellit,
1415 4817 1441 4870 itt
1467 4819 1577 4874 terribili
1594 4821 1695 4891 judicio
1709 4826 1760 4880 lra-

124 4894 269 4951 cerdotatis
289 4893 382 4961 ottcu,
404 4905 467 4966 post
492 4910 556 4953 suaa
580 4897 763 4956 ordinationes
785 4901 812 4957 in
835 4903 912 4973 lapsu
926 4938 949 5003 c
965 4902 1027 4960 boat
1040 4907 1254 4962 reconciliatum.
1270 4907 1385 4979 ideoque
1398 4910 1495 4966 iterum
1512 4913 1649 4969 troctamur
1664 4915 1758 4972 citari·

124 4986 340 5056 coinquinantur,
364 4995 391 5041 ct
414 4996 555 5057 propterca
576 4987 660 5043 nimio
678 5003 795 5046 moerore
818 4993 913 5049 irater·
966 5005 1047 5052 tatem
1063 5006 1145 5065 tuam,
1157 5001 1282 5069 exetnpto
1293 5000 1352 5067 eins
1367 5004 1411 5071 qui
1427 5019 1475 5073 pro
1488 5006 1567 5061 nobia
1581 5009 1633 5075 pati
1646 5018 1673 5063 ct
1687 5014 1759 5068 mori

124 5076 234 5133 uitatem
251 5084 323 5131 tuam
337 5075 460 5145 astringi,
473 5076 594 5147 velleque
609 5080 741 5146 pastorale
754 5079 912 5151 obsequium
965 5087 1061 5153 soluit,
1078 5103 1216 5159 promptos
1238 5105 1288 5146 ros
1311 5094 1337 5147 in
1360 5096 1465 5148 cunctis
1488 5096 1547 5164 cios
1564 5099 1679 5154 servitiis
1701 5117 1761 5168 per·

32 5178 35 5185 ¹
125 5178 174 5230 pro
186 5178 278 5220 sorutn
292 5163 473 5219 inobedientia
492 5165 639 5236 deponere,
655 5178 684 5224 ct
697 5170 863 5227 uacationem
878 5174 913 5227 ab
965 5163 1083 5235 manere.
1097 5179 1191 5248 Nanos
1202 5183 1312 5252 pigeate
1325 5198 1374 5238 ros
1388 5188 1547 5253 temporales
1562 5190 1695 5245 cruciatus
1708 5207 1760 5260 pro

124 5256 293 5326 episcopatus
316 5255 450 5312 laboribus
473 5255 582 5327 eligere,
606 5268 635 5314 et
658 5259 685 5314 in
708 5259 815 5316 silentio
832 5272 913 5331 atoue
964 5266 1061 5323 Claristi
1087 5272 1195 5326 nominc
1218 5272 1361 5338 sustinere,
1387 5275 1434 5329 sed
1459 5278 1639 5333 emolumenta
1660 5279 1759 5338 lutura

123 5346 180 5401 otio
193 5346 273 5401 vitam
287 5345 395 5416 degere,
411 5362 489 5418 quam
505 5349 532 5404 in
557 5350 598 5405 bis
621 5365 680 5420 quaa
704 5353 749 5408 tibi
770 5356 913 5412 commissa
964 5361 1189 5415 remunerationis
1205 5361 1285 5431 ltujus
1296 5364 1386 5418 saculi
1401 5365 1554 5422 rcartinnes
1567 5370 1682 5426 tolerare
1696 5388 1760 5439 pcr-

124 5446 187 5492 sunt
198 5452 363 5506 perrumpere,
378 5441 483 5496 dicente
497 5440 611 5497 Domino
627 5458 633 5495 :
650 5441 747 5499 Beatus
764 5445 807 5514 ptri
826 5461 913 5516 perae·
964 5450 1105 5505 tondeant.
1120 5450 1255 5521 Scriptum
1266 5468 1382 5522 namque
1395 5463 1454 5510 est:
1471 5456 1540 5522 Qttid
1552 5459 1691 5516 retribuam
1702 5460 1758 5517 Do·

137 5580 173 5652 ι·
195 5570 301 5628 Martini
313 5590 388 5644 popo
400 5574 517 5640 epistola.
532 5573 668 5660 synodum
683 5575 828 5633 Romanam
844 5577 914 5635 llar-
965 5581 1077 5649 epistola
1101 5583 1144 5638 rel
1164 5584 1258 5641 eodem
1281 5599 1344 5640 tnor
1369 5598 1440 5640 anno
1462 5601 1578 5648 exeunte
1610 5597 1653 5654 rel
1679 5599 1759 5660 initio

125 5639 173 5694 ttnl
189 5656 264 5709 papae
278 5642 616 5712 adsersusblnnotltelttas,
627 5660 703 5717 cupas
714 5659 772 5702 acta
787 5663 847 5703 curn
862 5650 913 5705 trac
963 5653 1109 5719 sequentis.
1126 5652 1184 5710 ltu.
1199 5658 1255 5711 sut.
1579 5634 1588 5662 ’

123 5710 238 5778 epistola
259 5714 286 5766 io
306 5711 418 5795 Galliam
439 5717 520 5770 mitta
539 5726 611 5797 pust,
627 5719 789 5773 oetebrnam
806 5729 914 5775 constat
1000 5720 1077 5778 tttir
1091 5725 1187 5782 deesse
1201 5725 1300 5794 aliquid
1314 5724 1430 5784 viduor.
1449 5727 1537 5786 flato.

126 5792 219 5836 metita
241 5779 370 5871 Octobrt,
391 5796 463 5841 tono
481 5784 582 5871 Cbrtati
609 5787 672 5846 bii.
700 5787 806 5859 Scripta
833 5790 912 5862 igitur
1002 5791 1108 5848 abdit.
1123 5795 1200 5854 iloto.
1213 5797 1294 5854 babet
1304 5810 1360 5852 nor.
1438 5801 1441 5806 ’
