3788 6126
128 418 181 477 tls
667 413 697 471 S.
717 411 855 472 eudemi
873 408 993 467 OPUSG.
1011 409 1101 470 etus
1120 410 1233 468 l’fllllA·
1660 461 1666 473 ,
1696 409 1752 466 bib

128 533 277 589 cinnamon
288 529 399 587 interius
411 526 513 599 prolert
528 524 690 582 tPhoenicia
710 524 800 588 tellus,

128 621 201 679 Solis
213 620 299 676 amics
311 617 407 685 nlmis;
422 631 486 671 nam
499 631 554 671 non
567 617 601 671 de
614 616 673 670 sole
682 622 790 684 perusta

127 713 192 769 linc
204 712 280 768 nardi
295 710 385 777 liores,
395 709 455 765 baec
469 709 558 778 portio
571 705 660 761 tundit
672 718 819 761 amomum.

163 799 292 856 Omnibus
305 799 347 854 bis
356 798 464 868 genitis,
480 796 578 853 animal
590 794 704 849 rationis
717 796 832 850 amicum

128 885 270 946 Formatur
283 889 384 944 virtute
395 888 455 953 Ilei,
471 887 581 942 limatur
601 885 628 939 in
639 891 723 941 artus.

129 978 163 1036 Ut
174 978 188 1018 ¹³
203 979 357 1037 dominator
367 987 412 1034 eat
424 978 590 1034 moderatior
602 976 726 1030 omnibns
737 985 808 1025 uuus

130 1084 141 1113 e
154 1071 262 1127 Naturae
272 1071 349 1141 jussu
362 1085 421 1140 quos
435 1069 548 1139 protulit
562 1070 652 1124 omnia
666 1067 805 1134 princeps.

127 1165 176 1216 Ast
188 1160 324 1217 homiuem
337 1176 392 1216 non
407 1169 478 1216 terra
490 1161 568 1231 parit,
580 1173 634 1213 nou
648 1163 747 1226 pontus
758 1156 792 1211 ab
807 1153 896 1218 undis,

126 1249 185 1320 Non
197 1250 305 1317 emtum,
321 1265 375 1306 non
386 1259 458 1313 astra
472 1259 578 1313 creant,
590 1263 643 1303 non
658 1247 752 1317 purior
763 1260 828 1310 aer;

127 1341 181 1398 Sed
191 1340 388 1399 dominatorum
404 1340 559 1397 dominator
569 1353 691 1395 summus
710 1343 845 1392 etauctor

126 1433 241 1491 Limtvit
254 1449 302 1506 per
312 1434 433 1490 membra
448 1434 534 1488 uirum
544 1432 578 1488 de
588 1431 699 1502 pulvere
712 1428 823 1484 iactum.

126 1527 219 1584 Llnrus
230 1527 318 1582 adbuc
330 1525 458 1582 delormls
468 1532 538 1588 erat,
549 1523 714 1578 membratur
728 1521 755 1574 in
769 1526 845 1573 artos

125 1616 264 1687 Corporea
276 1617 382 1687 species
395 1614 511 1671 bominis
523 1612 642 1670 coelcstis
657 1613 761 1678 imago;

126 1710 298 1780 Conspicitur
311 1723 380 1764 nova
392 1707 478 1763 torma
491 1708 554 1773 riri,
568 1706 627 1761 sine
640 1711 731 1759 mente
742 1713 894 1771 parumper,

127 1799 243 1868 Spiritus
253 1796 356 1853 inlusus
368 1796 457 1853 subito
469 1811 517 1866 per
532 1795 651 1849 membra
667 1791 799 1858 cucurrit,

126 1886 161 1941 lit
172 1884 300 1944 calefactu
314 1886 415 1942 rubens
426 1885 512 1941 tenuit
526 1883 672 1953 praecordia
685 1883 806 1950 sanguis.

125 1977 189 2032 llox
202 1975 318 2032 rubuere
329 1984 505 2044 genecletus
517 1975 600 2031 rubor
610 1974 696 2029 inlicit
706 1982 798 2035 artus:

125 2066 185 2122 lam
198 2066 373 2135 cutitestqui
385 2065 474 2137 pulvis
489 2073 558 2129 erat,
572 2065 627 2134 iam
643 2073 716 2119 terra
731 2063 864 2120 medullas

125 2154 235 2212 Ossibus
250 2155 369 2222 includit,
384 2163 501 2226 surgunt
512 2154 539 2209 in
552 2167 641 2209 messe
653 2152 754 2222 capilli,
772 2194 776 2200 .

126 2246 197 2304 Orbe
209 2248 308 2302 micant
317 2246 426 2318 gemino
440 2245 604 2315 gemmantia
618 2243 718 2299 lumina
732 2242 801 2305 risu,

125 2337 160 2393 Et
170 2352 264 2394 uocem
273 2348 405 2406 compago
418 2335 493 2391 dedit
515 2349 585 2389 nora
598 2332 723 2388 mucbina
736 2343 862 2399 turgens,

127 2429 274 2484 Auctorem
285 2425 396 2481 laudare
405 2436 486 2480 suum
501 2423 592 2494 gavisa
606 2421 679 2494 quod
692 2427 774 2478 esset.

163 2537 240 2592 Turne
253 2536 348 2594 oculos
364 2550 414 2607 per
425 2546 522 2592 cuneta
534 2534 601 2605 jacit
615 2553 621 2589 :
635 2535 747 2588 miratur
762 2547 898 2588 amoenum

127 2628 172 2685 Sic
186 2627 282 2684 llorere
296 2627 396 2694 locum,
411 2626 451 2682 sic
464 2640 547 2696 puros
561 2623 681 2680 lontibus
697 2637 792 2677 ornnes

128 2720 262 2786 Quattuor
273 2717 394 2774 unditluc
408 2718 573 2784 stringentes
583 2716 688 2785 gurgite
702 2713 773 2784 ripas

128 2812 170 2869 lre
185 2827 233 2883 per
245 2810 374 2867 arboreos
384 2808 479 2874 saltus,
491 2821 656 2877 camposque
671 2807 800 2862 virentes.

129 2901 242 2957 bliratur
254 2914 284 2956 se
297 2898 362 2969 quid
375 2899 411 2955 sit
424 2899 517 2964 bomo,
530 2911 599 2968 quos
617 2896 703 2952 lactus
717 2896 750 2951 ad
762 2888 833 2953 usus.

128 2991 203 3047 Scire
216 2991 301 3062 cupit,
316 2990 432 3060 simplex
443 2997 471 3044 et
484 3004 538 3044 non
552 2987 636 3043 babet
651 2986 722 3043 unde
737 2986 867 3056 requirat,

130 3084 190 3151 Quo
204 3082 301 3140 merito
313 3081 421 3138 sibimet
434 3081 496 3137 data
510 3081 546 3136 sit
556 3080 690 3151 possessio
704 3078 717 3115 ⁶
731 3078 835 3143 mundi,

127 3185 140 3214 s
154 3174 242 3242 Atque
251 3180 351 3228 eterna
363 3170 460 3226 domus
471 3170 589 3224 nemoris
599 3183 647 3239 per
660 3167 743 3224 llorea
753 3183 826 3224 rura.

127 3261 213 3316 Parva
222 3259 318 3331 procul
331 3264 438 3328 spectat
450 3257 550 3313 virides
562 3257 686 3327 jumenta
702 3271 751 3329 per
764 3271 844 3323 apros
859 3279 865 3310 ι

127 3351 184 3408 llac
197 3350 232 3406 de
245 3363 276 3405 re
289 3349 385 3404 tacitus
401 3347 409 3386 l
426 3348 563 3417 noluitque
575 3356 603 3404 et
612 3348 694 3404 corde
708 3348 829 3417 requirit,

129 3441 178 3498 llel
191 3453 276 3511 quaro
285 3453 377 3494 secum
389 3452 444 3493 non
456 3438 511 3492 sint
523 3437 581 3494 hoec
593 3437 650 3508 ipsa
664 3437 770 3493 volutat
783 3456 788 3489 :

130 3532 198 3588 llam
215 3535 342 3587 consorte
355 3518 460 3596 carens,
476 3544 536 3585 cum
551 3543 607 3600 quo
622 3529 758 3585 conterret
770 3530 876 3598 egebat.

164 3644 275 3702 Viderat
288 3643 464 3717 omnipotens
479 3642 538 3699 baec
556 3642 631 3699 illum
646 3643 728 3700 corde
752 3650 917 3711 mur-entem,
968 3627 1096 3698 Dissiilib
1111 3620 1221 3697 et‘pum
1236 3626 1328 3682 ¹¹¹0&st
1341 3640 1401 3680 mei
1415 3627 1504 3682 5ῑῦθῆ
1516 3626 1598 3692 00310,

129 3740 163 3798 Et
173 3742 317 3797 miseratus
330 3739 368 3794 ait
382 3755 389 3792 :
404 3738 500 3795 demus
517 3748 529 3787 t
544 3737 640 3794 solatia
654 3735 738 3800 lacto,

130 3831 294 3903 Participent
308 3831 426 3903 generis.
446 3831 585 3901 Tanquam
597 3831 620 3886 si
633 3831 735 3887 diceret
748 3839 842 3886 auctor
858 3848 864 3882 :

129 3923 190 3981 Non
200 3923 287 3979 solum
298 3922 377 3979 decet
391 3937 452 3979 esse
465 3921 564 3991 uirum,
580 3921 717 3978 consortia
729 3918 830 3976 blanda

127 4014 248 4085 Noverit,
259 4029 328 4072 uror
341 4014 394 4082 erit
403 4013 480 4085 cujus
496 4022 586 4069 tamen
598 4012 650 4070 iste
664 4013 791 4077 maritum

109 4092 111 4098 ’
127 4105 286 4176 conjugium
297 4119 328 4162 se
341 4104 464 4175 quisque
471 4113 561 4170 nocet,
573 4101 688 4158 dulcedo
702 4111 825 4158 recurrat

127 4197 256 4254 cordibus
269 4195 402 4260 innocuis,
416 4204 444 4252 et
455 4196 508 4252 sint
521 4193 568 4249 tibi
583 4193 679 4264 pignus
689 4200 813 4262 uterque,

128 4287 291 4356 llellepares
304 4295 333 4343 et
346 4283 524 4357 bellepares,
539 4293 613 4340 stans
627 4298 679 4338 una
693 4282 827 4348 uoluntas,

127 4375 194 4434 Pars
206 4376 288 4432 animi
300 4390 425 4444 concors,
439 4376 549 4447 paribus
574 4375 719 4432 decurrere
731 4376 810 4443 rotis,

127 4465 213 4522 Ambo
226 4465 277 4522 sibi
289 4466 398 4539 requies
411 4467 510 4534 cordis,
526 4467 580 4522 sint
589 4464 670 4522 arrrbo
681 4463 784 4532 noctes,

127 4556 160 4612 Et
172 4559 326 4628 quicunque
337 4557 416 4613 datur
429 4573 518 4624 casus,
533 4560 568 4614 sit
581 4574 662 4615 causa
675 4557 799 4616 duorum.

927 524 952 579 A
967 523 1021 578 Fur
1032 522 1121 592 opiter
1134 522 1192 578 uult
1201 536 1350 577 etsesuus.
1369 522 1435 578 llam
1449 530 1540 593 posset
1549 524 1687 580 alumnam

965 615 1078 670 Pulvere
1090 614 1125 671 de
1135 615 1215 672 simili
1225 615 1350 685 princeps
1363 614 1480 671 tornrare
1498 617 1627 686 puellam.

964 705 1017 761 Sed
1027 721 1081 776 quo
1095 705 1190 774 plenus
1203 720 1281 762 emor
1291 714 1349 762 toto
1359 705 1397 761 do
1409 706 1617 774 sorderentret,
1709 718 1712 730 ·

965 797 1122 852 flosorem
1138 798 1318 853 uroreroluit
1328 813 1376 853 sua
1392 799 1513 853 meumra
1525 799 1661 854 maritam.

966 889 1098 944 Diuiditur
1115 887 1122 926 ¹
1137 889 1355 954 contemnentis,
1368 888 1592 945 subducitururra

965 978 1069 1034 Sensim
1083 986 1158 1033 costo
1169 980 1239 1044 viro,
1250 978 1300 1034 sed
1314 994 1377 1035 mor
1390 980 1508 1035 reditura
1524 980 1632 1035 marito.

965 1068 1032 1122 Nam
1047 1068 1152 1135 iuvenis
1165 1068 1199 1123 de
1211 1078 1287 1138 parte
1302 1069 1376 1124 breti
1391 1068 1523 1124 formatur
1533 1069 1627 1124 adulta

969 1158 1057 1226 Virgo,
1070 1157 1179 1224 decora,
1193 1158 1276 1221 rudis,
1294 1168 1400 1215 matura
1415 1159 1578 1215 tumentibus
1592 1159 1681 1223 annis,

965 1247 1087 1316 Coniugii
1101 1247 1254 1318 sobolisque
1267 1254 1361 1320 capax,
1376 1251 1475 1319 quibus
1484 1261 1546 1318 apta
1562 1252 1712 1322 probatur,

966 1340 999 1395 lit
1012 1341 1070 1395 sine
1083 1339 1152 1396 lacte
1166 1341 1210 1410 pio
1221 1343 1321 1397 crescit
1335 1342 1446 1396 irriantie
1461 1347 1558 1412 pubes.

1000 1429 1140 1487 Ercutltur
1153 1445 1250 1489 sonrno
1262 1432 1381 1503 juvenis,
1391 1432 1465 1488 videt
1480 1434 1536 1504 ipse
1550 1434 1667 1502 puellam

966 1523 1035 1574 Ante
1047 1521 1140 1575 cuculos
1150 1529 1239 1577 astare
1252 1537 1328 1588 suos,
1343 1533 1420 1592 pater
1435 1523 1497 1578 inde
1515 1524 1647 1592 meritos,

965 1609 1025 1665 Non
1040 1621 1048 1661 t
1068 1619 1170 1665 tantum
1182 1625 1217 1666 ex
1232 1613 1304 1667 coitu
1315 1613 1432 1681 genitor,
1444 1615 1492 1669 sed
1505 1613 1629 1682 conjugis
1638 1619 1750 1680 auctor:

965 1699 1081 1755 Somnus
1093 1708 1153 1755 erat
1164 1709 1269 1769 partus,
1283 1711 1431 1772 conceptus
1443 1705 1546 1758 semine
1560 1704 1648 1770 nullo,

968 1787 1105 1844 llateriem
1116 1791 1203 1860 sopita
1217 1792 1294 1859 quies
1307 1793 1431 1854 produxit
1444 1797 1553 1860 amoris,

930 1860 951 1918 Β
966 1878 1139 1950 Allectusque
1149 1894 1236 1937 noros
1246 1881 1470 1952 blandiqenuere
1480 1900 1601 1955 sopores.

965 1972 1092 2028 Constitit
1104 1980 1168 2028 aute
1180 1972 1273 2028 oculos
1286 1972 1361 2028 nullo
1372 1974 1504 2030 uelamine
1517 1984 1599 2046 tecta,

965 2065 1085 2133 Corpore
1096 2063 1166 2118 nude
1181 2064 1260 2118 simul
1270 2064 1361 2129 niveo,
1373 2079 1422 2120 ceu
1439 2065 1560 2136 llymplra
1573 2069 1715 2138 profundi.

966 2154 1095 2208 cesaries
1109 2153 1216 2208 intonsa
1231 2154 1327 2220 comis,
1342 2165 1410 2222 gena
1425 2155 1539 2223 pulchra
1552 2157 1664 2225 rubore,

966 2243 1061 2300 Omnia
1074 2244 1183 2314 pulcbra
1195 2258 1301 2315 gerens,
1313 2245 1419 2310 oculos,
1434 2260 1477 2314 os,
1485 2248 1566 2312 colla,
1579 2264 1734 2322 manusque
1747 2268 1758 2309 r

968 2335 1002 2390 Ut
1015 2336 1122 2405 qualem
1137 2345 1247 2405 possent
1257 2334 1333 2404 digiti
1347 2334 1465 2391 formare
1475 2335 1617 2406 Tonantis,
1737 2332 1741 2347 '

967 2429 1061 2483 Nescia
1074 2441 1149 2482 mens
1163 2426 1216 2482 illie
1229 2424 1287 2482 lieri
1301 2440 1361 2496 qaae
1374 2441 1457 2483 causa
1470 2425 1574 2484 luisset.

1002 2534 1078 2596 Tunc
1101 2540 1171 2595 licus
1194 2549 1222 2596 et
1247 2539 1372 2609 princeps
1403 2539 1498 2595 ambos
1524 2540 1537 2578 ¹
1563 2538 1709 2610 conjunxit
1731 2543 1759 2600 in

1367 2676 1370 2684 .
1645 2629 1758 2703 [unum,

969 2722 1002 2776 Et
1016 2729 1119 2777 remeat
1130 2734 1178 2777 sua
1192 2730 1269 2776 costa
1284 2721 1354 2788 niro,
1366 2735 1414 2777 sue
1427 2722 1547 2777 membra
1562 2723 1685 2793 recepit;

969 2812 1072 2882 Accipit
1085 2819 1112 2865 ct
1126 2811 1214 2879 lenus,
1229 2827 1290 2866 cum
1304 2826 1358 2867 non
1371 2812 1406 2866 sit
1419 2811 1525 2868 debitor
1538 2811 1617 2868 ullus.

969 2902 1015 2959 llis
1029 2901 1108 2956 datur
1118 2901 1207 2957 omnis
1221 2900 1329 2966 burnus,
1346 2910 1374 2957 et
1390 2901 1519 2974 quidquid
1531 2902 1605 2972 jussa
1618 2903 1743 2973 creavit;

969 2990 1046 3046 Aeris
1061 2997 1088 3044 et
1104 2990 1190 3059 pelagi
1207 2989 1288 3056 letos,
1301 2989 1436 3045 elementa
1450 2999 1565 3046 duorum

903 3080 907 3088 '
969 3082 1088 3137 Arbitrio
1101 3081 1245 3136 commissa
1261 3090 1380 3137 manent.
1396 3081 1444 3138 llis
1455 3081 1568 3137 Crescite
1581 3081 1651 3138 dixit

968 3170 1155 3243 Omnipotens,
1171 3173 1275 3243 replete
1288 3171 1375 3228 solum
1391 3172 1425 3228 de
1438 3174 1540 3230 semine
1553 3181 1656 3242 restro,

970 3265 1112 3336 Sanguinis
1122 3263 1233 3333 ingeniti
1249 3270 1327 3318 natos
1340 3263 1441 3318 nutrite
1454 3272 1575 3333 nepotes,

968 3354 1000 3410 lit
1014 3355 1048 3411 de
1060 3355 1136 3426 prole
1150 3369 1235 3410 noros
1250 3355 1347 3409 iterum
1365 3352 1374 3391 ¹
1390 3361 1516 3424 reparate
1527 3355 1644 3425 jugales.

969 3447 1090 3516 llumque
1105 3443 1203 3501 fretum
1216 3453 1299 3511 terra,
1311 3442 1376 3499 dum
1391 3445 1461 3502 eoelo
1474 3445 1597 3502 sublevat
1612 3462 1673 3515 aer,

968 3536 1116 3594 llumsolis
1131 3535 1214 3592 micat
1224 3551 1275 3591 arc
1287 3535 1379 3606 iubar,
1392 3535 1455 3590 dum
1471 3535 1534 3591 luna
1547 3539 1673 3594 tenebras

967 3718 1079 3772 Surnere
1089 3714 1221 3788 quidquid
1236 3715 1336 3770 liabent
1351 3715 1470 3786 pomaria
1486 3725 1579 3771 nostra
1594 3714 1700 3787 licebit,
1737 3722 1741 3729 '
1764 3771 1769 3779 ,

968 3808 1128 3878 beliciaequc
1142 3807 1227 3863 tinent
1238 3807 1326 3873 uobis,
1338 3815 1365 3861 et
1374 3807 1489 3863 honesta
1503 3807 1647 3879 voluptas:

968 3898 1078 3954 Arboris
1093 3898 1171 3953 utrius
1185 3905 1290 3953 tantum
1306 3898 1408 3953 nescite
1423 3912 1560 3968 saporem.

1003 4008 1113 4065 Dixerat
1122 4008 1173 4066 ista
1186 4006 1267 4073 Deus,
1280 4008 1369 4063 sarrxit
1381 4015 1476 4064 natura
1490 4008 1562 4078 quod
1576 4009 1667 4082 inquit

967 4101 1155 4172 Omnipotens,
1169 4099 1287 4168 migrare
1299 4097 1380 4165 diem,
1395 4097 1534 4156 discedere
1545 4103 1646 4169 solem,

967 4191 1022 4246 Nec
1035 4191 1123 4246 lucem
1136 4203 1259 4245 remeare
1273 4197 1350 4260 putat
1365 4198 1470 4245 terrena
1485 4205 1615 4262 propago,

967 4282 1164 4353 Subductitque
1177 4276 1259 4350 nigris
1270 4291 1287 4317 ⁰¹
1305 4279 1423 4337 collucet
1435 4280 1498 4337 luna
1514 4282 1648 4349 tenebris,

966 4373 1060 4430 Sidera
1075 4379 1171 4429 cuncta
1187 4380 1285 4428 notant
1299 4371 1369 4429 coelo
1383 4372 1490 4429 radiare
1502 4389 1610 4432 sereno.

966 4464 1016 4520 Ast
1030 4464 1074 4520 ubi
1090 4477 1253 4533 purpureum
1266 4470 1418 4532 surgentem
1434 4478 1468 4518 ex
1482 4478 1592 4534 aequore
1606 4477 1725 4523 cernunt

932 4552 957 4614 b
971 4552 1122 4610 Luciferum
1135 4553 1241 4609 vibrare
1248 4551 1338 4623 jubar,
1355 4553 1530 4623 llarnmasqoe
1544 4555 1630 4621 ciere,

162 4645 219 4704 liee
241 4661 328 4712 mora,
347 4646 406 4717 jam
419 4649 493 4704 venit
507 4649 562 4704 alto
586 4648 676 4720 quies,
699 4650 847 4720 oculosque
870 4664 916 4705 su·
967 4644 1001 4701 Et
1013 4645 1140 4701 reducem
1151 4659 1235 4712 super
1249 4652 1320 4700 astra
1335 4642 1406 4700 diem
1419 4644 1453 4700 de
1465 4645 1521 4702 sole
1529 4646 1685 4716 rubentem,

830 4737 917 4813 [pinet
966 4738 1029 4795 llos
1043 4747 1169 4797 reuocata
1183 4736 1276 4795 forent
1290 4736 1417 4793 besterna
1430 4738 1456 4792 in
1469 4738 1567 4807 gaudia
1582 4751 1701 4810 mentes,

128 4827 253 4892 Somnus,
268 4840 297 4882 et
309 4824 336 4882 in
348 4825 454 4883 dulcem
466 4828 610 4883 solvuntur
627 4828 749 4884 membra
761 4842 889 4900 soporem
905 4843 914 4898 ς
967 4829 1108 4901 Temporis
1116 4838 1145 4886 et
1158 4829 1278 4899 requiem
1292 4836 1452 4892 noscentes,
1469 4828 1529 4886 lnce
1541 4829 1639 4888 diurna

128 4916 182 4974 Sed
193 4931 256 4974 cum
264 4916 325 4987 iure
337 4916 411 4974 Deus
425 4918 498 4974 nullo
513 4919 675 4989 probibente
692 4920 797 4976 ualeret

130 5007 241 5064 Demere
252 5004 419 5079 perticulam,
435 5007 470 5064 de
480 5007 560 5079 quoh
575 5009 648 5079 prius
663 5009 722 5078 ipse
736 5020 859 5082 pararat,

128 5096 254 5154 Attamen
269 5097 358 5153 ablata
370 5096 463 5167 iuueni
474 5113 508 5154 ne
522 5107 599 5155 costa
614 5097 736 5162 doleret,

129 5189 262 5248 Redderet
275 5197 303 5248 et
317 5191 420 5248 tristem
431 5191 533 5256 subito,
544 5205 625 5261 quem
637 5190 735 5249 laedere
747 5193 841 5259 uolet,

163 5354 177 5383 ⁸
193 5346 247 5412 At..
262 5346 308 5402 attb
321 5347 445 5416 pboertice.

163 5415 177 5454 ¹³
191 5414 247 5484 At,
260 5416 433 5471 dominanter.

165 5497 176 5524 ⁰
192 5485 246 5552 At,
260 5483 366 5540 Natura
375 5488 466 5558 justit.

164 5553 177 5593 ‘¹
191 5553 246 5621 At,
257 5556 378 5611 mundata.

166 5633 178 5732 ἕ
191 5623 375 5748 AAthceadeqtot
390 5627 490 5686 oltmna
504 5643 593 5686 nemtu
605 5645 651 5704 per
662 5629 745 5700 florea
758 5643 831 5719 ηερ.

165 5771 179 5810 t
192 5764 247 5826 At..
258 5709 400 5846 afflone.

163 5828 244 5910 ΕΜ,
258 5849 327 5906 parta.

967 4923 1114 4997 coeperunt
1127 4934 1238 4993 sperare
1252 4918 1334 4984 dium,
1350 4927 1362 4955 ¹²
1378 4919 1467 4974 ridere
1480 4921 1615 4978 tenebras.

966 5012 1019 5067 'iot
1033 5012 1104 5067 bona
1117 5007 1187 5065 lacta
1201 5007 1273 5063 Deus
1288 5023 1341 5062 uon
1356 5009 1522 5064 obliviscitur
1536 5025 1670 5080 unquam,

966 5104 1031 5170 Qtrae
1044 5109 1154 5173 propter
1164 5100 1290 5156 bornines
1302 5099 1376 5166 lecit,
1388 5101 1530 5169 sanxitque
1544 5117 1664 5160 manere.

1003 5202 1015 5228 ⁰
1031 5191 1078 5248 liis
1090 5190 1215 5271 dominus¹
1230 5189 1337 5258 pietatis
1352 5205 1433 5261 opem
1443 5177 1600 5249 'subducere
1613 5207 1670 5250 uon
1683 5194 1754 5263 ruti,

1004 5345 1012 5384 ¹
1031 5346 1085 5412 At,
1099 5355 1226 5401 contecta.

1003 5419 1010 5465 l
1026 5417 1081 5484 At,
1095 5426 1191 5470 tomen.

1001 5484 1080 5551 lAl„
1096 5489 1238 5558 conjuapit.
1323 5549 1325 5554 y

1004 5555 1012 5594 ¹
1027 5557 1083 5618 Ar..
1095 5558 1223 5625 copulate.

1000 5637 1019 5665 ω
1033 5626 1089 5691 At,
1103 5626 1191 5680 lunari
1206 5628 1262 5682 tuce
1274 5628 1395 5683 tenebris.

1000 5706 1014 5734 ¹²
1028 5696 1084 5760 At,
1099 5696 1193 5752 redire.

1002 5776 1015 5805 ⁰
1029 5765 1085 5835 At,
1097 5764 1158 5824 tlte.
